Product: Kurkku, Unit Price: 0,84 €, Comparison Price: 2,49 €/kg
Product: Chiquita banaani, Unit Price: 0,33 €, Comparison Price: 1,89 €/kg
Product: Coop banaani, Unit Price: 0,28 €, Comparison Price: 1,69 €/kg
Product: Reilun kaupan Banaani Luomu, Unit Price: 0,47 €, Comparison Price: 2,49 €/kg
Product: Banaani luomu, Unit Price: 0,40 €, Comparison Price: 2,09 €/kg
Product: Tomaatti Suomi, Unit Price: 0,34 €, Comparison Price: 3,29 €/kg
Product: Kotimaista kevytmaito 1 L, Unit Price: 0,89 €, Comparison Price: 0,89 €/l
Product: Kotimaista jääsalaatti 100g Suomi, Unit Price: 1,15 €, Comparison Price: 11,50 €/kg
Product: Kotimaista rasvaton maito 1l, Unit Price: 0,79 €, Comparison Price: 0,79 €/l
Product: Rainbow tumma siemenetön viinirypäle 500 g, Unit Price: 3,09 €, Comparison Price: 6,18 €/kg
Product: Atria Parempi Nauta Jauheliha 10% 400g, Unit Price: 3,99 €, Comparison Price: 9,98 €/kg
Product: Mansikka 400 g, Unit Price: 2,49 €, Comparison Price: 6,23 €/kg
Product: Varpion kurkku, Unit Price: 1,17 €, Comparison Price: 3,49 €/kg
Product: Paprika punainen, Unit Price: 1,15 €, Comparison Price: 4,29 €/kg
Product: Rainbow makea suippopaprika 300g, Unit Price: 1,89 €, Comparison Price: 6,30 €/kg
Product: Sipuli, Unit Price: 0,20 €, Comparison Price: 1,45 €/kg
Product: Coop Sitruuna, Unit Price: 0,51 €, Comparison Price: 2,49 €/kg
Product: Kotimaista vapaan kanan munat M10 580g, Unit Price: 2,09 €, Comparison Price: 3,60 €/kg
Product: Kesäkurpitsa vihreä, Unit Price: 0,81 €, Comparison Price: 2,69 €/kg
Product: Tomaatti ulkomainen, Unit Price: 0,18 €, Comparison Price: 1,99 €/kg
Product: Avokado Hass Esikypsytetty, Unit Price: 1,40 €, Comparison Price: 6,99 €/kg
Product: Kasvihuone avomaankurkku, Unit Price: 0,63 €, Comparison Price: 6,29 €/kg
Product: Kotimaista laktoositon kevytmaitojuoma 1 L, Unit Price: 1,25 €, Comparison Price: 1,25 €/l
Product: Rainbow pakattu parsakaali 300 g, Unit Price: 0,99 €, Comparison Price: 3,30 €/kg
Product: Atria Pinaattiohukainen 400g, Unit Price: 1,89 €, Comparison Price: 4,72 €/kg
Product: Forssan Perunasalaatti 400g, Unit Price: 1,99 €, Comparison Price: 4,97 €/kg
Product: Saarioinen Maksalaatikko 400g, Unit Price: 2,49 €, Comparison Price: 6,23 €/kg
Product: Kivikylän Palvarin Lihapyörykkä 350g, Unit Price: 3,09 €, Comparison Price: 8,83 €/kg
Product: Saarioinen Jauhelihapizza 200g, Unit Price: 1,29 €, Comparison Price: 6,45 €/kg
Product: HK Lihapyörykät 360 g, Unit Price: 0,95 €, Comparison Price: 2,64 €/kg
Product: Forssan Punajuurisalaatti 400g, Unit Price: 2,29 €, Comparison Price: 5,73 €/kg
Product: Saarioinen Maksalaatikko laktoositon/rusinaton 400g, Unit Price: 2,49 €, Comparison Price: 6,23 €/kg
Product: Snellman Kunnon lihapullat 300g, Unit Price: 2,49 €, Comparison Price: 8,30 €/kg
Product: Fazer Imatran Riisipiirakka 6kpl 420g, Unit Price: 2,29 €, Comparison Price: 5,45 €/kg
Product: Saarioinen 400g lihamakaronilaatikko, Unit Price: 2,49 €, Comparison Price: 6,23 €/kg
Product: Kotimaista Aurinkosalaatti 350g, Unit Price: 1,48 €, Comparison Price: 4,23 €/kg
Product: Fresh Hetki Suosikkisalaatti Kana-caesar 230 g, Unit Price: 3,99 €, Comparison Price: 17,35 €/kg
Product: Atria Porkkanaohukainen 400g, Unit Price: 2,49 €, Comparison Price: 6,23 €/kg
Product: Saarioinen Lihaperunasoselaatikko 350g, Unit Price: 2,49 €, Comparison Price: 7,11 €/kg
Product: Kokkikartano Lohikeitto 350g, Unit Price: 4,69 €, Comparison Price: 13,40 €/kg
Product: Kokkikartano Lohikiusaus 700g, Unit Price: 6,55 €, Comparison Price: 9,36 €/kg
Product: Forssan Perunasalaatti 800g, Unit Price: 4,49 €, Comparison Price: 5,61 €/kg
Product: Kokkikartano Täyteläinen pinaattikeitto 300g, Unit Price: 2,89 €, Comparison Price: 9,63 €/kg
Product: HK Burgeri 100 g, Unit Price: 0,63 €, Comparison Price: 6,30 €/kg
Product: Kotimaista Kirjolohikeitto 300g, Unit Price: 2,05 €, Comparison Price: 6,83 €/kg
Product: Fazer Rukiinen Riisipiirakka 6kpl 420g, Unit Price: 2,29 €, Comparison Price: 5,45 €/kg
Product: Kotimaista Riisipuuro 300g, Unit Price: 1,15 €, Comparison Price: 3,83 €/kg
Product: Atria Kunnon Arki Lihamakaronilaatikko 400g, Unit Price: 1,75 €, Comparison Price: 4,38 €/kg
Product: HK Burgeri 100 g, Unit Price: 0,63 €, Comparison Price: 6,30 €/kg
Product: Coop Lager olut 4,2 % tölkki 0,33 L, Unit Price: 0,99 €, Comparison Price: 2,55 €/l
Product: Jyväbroiler Maustettu Kokonainen Broileri 1000-1400g, Unit Price: 9,60 €, Comparison Price: 
Product: Coop metsämarjajogurtti 150 g, Unit Price: 0,35 €, Comparison Price: 2,33 €/kg
Product: Karl Fazer maitosuklaapatukka minttucrisp 37g, Unit Price: 0,99 €, Comparison Price: 26,76 €/kpl
Product: Coop mango-appelsiinijogurtti 150 g, Unit Price: 0,35 €, Comparison Price: 2,33 €/kg
Product: Coop päärynä-vaniljajogurtti 150 g, Unit Price: 0,35 €, Comparison Price: 2,33 €/kg
Product: Coop hedelmäjogurtti 150 g, Unit Price: 0,35 €, Comparison Price: 2,33 €/kg
Product: Valio PROfeel® proteiinivanukas 180 g tutti frutti laktoositon, Unit Price: 1,39 €, Comparison Price: 7,72 €/kg
Product: Arla Lempi Ruokakerma 3 dl 22% laktoositon, Unit Price: 1,85 €, Comparison Price: 6,17 €/l
Product: Valio Hyvä suomalainen Arki® pehmeä raejuusto 200 g laktoositon, Unit Price: 1,29 €, Comparison Price: 6,45 €/kg
Product: Coop vaniljajogurtti 150 g, Unit Price: 0,35 €, Comparison Price: 2,33 €/kg
Product: Fazer Geisha Crunchy jäätelöpuikko 64g/90ml, Unit Price: 1,95 €, Comparison Price: 30,47 €/kg
Product: Karl Fazer Tyrkisk Peber Hot&Sour suklaalevy 180g, Unit Price: 3,45 €, Comparison Price: 19,17 €/kpl
Product: Valio kreikkalainen jogurtti 150 g raparperi laktoositon kausimaku, Unit Price: 1,24 €, Comparison Price: 8,27 €/kg
Product: Oululainen Reissumies Mestarileipuri Rosmariini-merisuola 4kpl 235g, ruisleipä, Unit Price: 1,49 €, Comparison Price: 6,34 €/kg
Product: Puffet Päärynä Laktoositon välipalajäätelö 62g/1,1dl, Unit Price: 1,69 €, Comparison Price: 27,26 €/kg
Product: Rosten Ohuet Ruispalat 6 kpl/225 g, Unit Price: 1,35 €, Comparison Price: 6,00 €/kg
Product: HARIBO Tropifrutti 275 g karkkipussi, Unit Price: 2,55 €, Comparison Price: 9,27 €/kg
Product: Fazer Dumle summer mix pussi 180g, Unit Price: 3,45 €, Comparison Price: 19,17 €/kpl
Product: Coca-Cola Original Taste virvoitusjuoma tölkki 0,33 L, Unit Price: 1,79 €, Comparison Price: 4,97 €/l
Product: Fazer Aito Kaurajuoma Barista 1L UHT, Unit Price: 1,99 €, Comparison Price: 1,99 €/l
Product: Oddlygood® Planti Cooking Oat 2 dl original, Unit Price: 0,99 €, Comparison Price: 4,95 €/l
Product: Atria Rahkaohukainen Kaakao-Vadelma 380g, Unit Price: 2,49 €, Comparison Price: 6,55 €/kg
Product: Fazer Tutti Frutti Summer Rings Sour karkkipussi 160g, Unit Price: 1,95 €, Comparison Price: 12,19 €/kpl
Product: Kokkikartano Lohikeitto 350g, Unit Price: 4,19 €, Comparison Price: 11,97 €/kg
Product: Atria Rahkaohukainen Kaakao-Vadelma 380g, Unit Price: 2,49 €, Comparison Price: 6,55 €/kg
Product: Coop Lager olut 4,2 % tölkki 0,33 L, Unit Price: 0,99 €, Comparison Price: 2,55 €/l
Product: Forssan Perunasalaatti 800g, Unit Price: 2,99 €, Comparison Price: 3,74 €/kg
Product: Yhteishyvä-lehti 0 € asiakasomistajille, Unit Price: 4,00 €, Comparison Price: 
Product: S-kestokassi iso 39 x 45 x 23 cm, Unit Price: 1,50 €, Comparison Price: 
Product: Samarbete-lehti 0 € asiakasomistajille, Unit Price: 4,00 €, Comparison Price: 
Product: Ilta-Sanomat TV-Lehti, Unit Price: 2,70 €, Comparison Price: 
Product: S-kestokassi pieni 36 x 35 x 18 cm, Unit Price: 1,15 €, Comparison Price: 
Product: Ilta-Sanomat, Unit Price: 2,20 €, Comparison Price: 
Product: Iltalehti, Unit Price: 2,20 €, Comparison Price: 
Product: S-kestokassi mini 25,5 x 25,5 x 10 cm, Unit Price: 0,50 €, Comparison Price: 
Product: Kestohevipussi 11g, Unit Price: 0,79 €, Comparison Price: 
Product: Amer 450*500*0.170 Thermokassi, Unit Price: 1,40 €, Comparison Price: 
Product: Canon kopiopaperi A4 80 g 500 arkkia, Unit Price: 5,95 €, Comparison Price: 
Product: Anna, Unit Price: 3,95 €, Comparison Price: 
Product: Stokvis Tapes Basic maalarinteippi 38mm x 50m, Unit Price: 3,10 €, Comparison Price: 0,06 €/m
Product: Rainbow 2,5kg grillihiili, Unit Price: 5,99 €, Comparison Price: 2,40 €/kg
Product: Reilun kaupan puuvillakassi, Unit Price: 1,95 €, Comparison Price: 
Product: Varta Professional Electronics 2xCR2032 litiumparisto, Unit Price: 2,95 €, Comparison Price: 1,48 €/kpl
Product: Stokvis Tapes Basic maalarinteippi 48mm x 50m, Unit Price: 4,30 €, Comparison Price: 0,09 €/m
Product: Stokvis Tapes Basic maalarinteippi 25mm x 50m, Unit Price: 2,20 €, Comparison Price: 0,04 €/m
Product: Varta Longlife Power 12xAA alkaliparisto, Unit Price: 6,49 €, Comparison Price: 0,54 €/kpl
Product: Rainbow 4kg Premium grillihiilet, Unit Price: 9,99 €, Comparison Price: 2,50 €/kg
Product: Paperituotteita erilaisia, Unit Price: 3,75 €, Comparison Price: 
Product: Rainbow 5kg grillihiili, Unit Price: 10,99 €, Comparison Price: 2,20 €/kg
Product: Rainbow kertakäyttögrilli, Unit Price: 4,99 €, Comparison Price: 
Product: Weber Puuhiili 3 kg FSC, Unit Price: 9,95 €, Comparison Price: 3,32 €/kg
Product: Paulig Juhla Mokka kahvi suodatinjauhatus 500g, Unit Price: 6,05 €, Comparison Price: 12,10 €/kg
Product: Coop Lager olut 4,2 % tölkki 0,33 L, Unit Price: 0,99 €, Comparison Price: 2,55 €/l
Product: 2 x Pepsi Max virvoitusjuoma 1,5 l, Unit Price: 3,69 €, Comparison Price: 0,96 €/l
Product: Mega force 0,5l energy drink energiajuoma, Unit Price: 1,29 €, Comparison Price: 2,28 €/l
Product: Kulta Katriina Perinteinen suodatinkahvi RAC 500g, Unit Price: 5,85 €, Comparison Price: 11,70 €/kg
Product: 2-pack Coca-Cola Zero Sugar virvoitusjuoma muovipullo 1,5 L, Unit Price: 3,99 €, Comparison Price: 1,06 €/l
Product: Brazil Appelsiinitäysmehu 100% 1 L, Unit Price: 2,75 €, Comparison Price: 2,75 €/l
Product: Valio Hedelmätarha® luomumustikkamehu 1 l, Unit Price: 2,59 €, Comparison Price: 2,59 €/l
Product: God Morgon Selected Citrus Sweet appelsiinitäysmehu 1L, Unit Price: 3,65 €, Comparison Price: 3,65 €/l
Product: Kotimaista Lähdevesi 0,5l, Unit Price: 0,49 €, Comparison Price: 0,58 €/l
Product: 2-pack Coca-Cola Original Taste virvoitusjuoma muovipullo 1,5 L, Unit Price: 4,99 €, Comparison Price: 1,40 €/l
Product: Kulta Katriina Tumma paahto suodatinkahvi RAC 500g, Unit Price: 5,85 €, Comparison Price: 11,70 €/kg
Product: Valio Hedelmätarha® luomuappelsiinitäysmehu 1 l, Unit Price: 3,59 €, Comparison Price: 3,59 €/l
Product: 4 x Pepsi Max virvoitusjuoma 2,0 l, Unit Price: 7,99 €, Comparison Price: 0,80 €/l
Product: God Morgon Classic Omenatäysmehu 100% 1 L, Unit Price: 2,55 €, Comparison Price: 2,55 €/l
Product: Paulig Juhla Mokka Tumma Paahto kahvi suodatinjauhatus 500g, Unit Price: 6,05 €, Comparison Price: 12,10 €/kg
Product: Coca-Cola virvoitusjuoma muovipullo 0,5 L, Unit Price: 2,19 €, Comparison Price: 3,98 €/l
Product: Kotimaista vichy 1,5l, Unit Price: 1,29 €, Comparison Price: 0,59 €/l
Product: Valio Hedelmätarha® luomuomenatäysmehu 1 l, Unit Price: 2,59 €, Comparison Price: 2,59 €/l
Product: Red Bull Energiajuoma 250ml, Unit Price: 1,85 €, Comparison Price: 6,80 €/l
Product: Xtra omenamehu 1l, Unit Price: 0,85 €, Comparison Price: 0,85 €/l
Product: Valio appelsiinitäysmehu 1 l perinteinen, Unit Price: 2,90 €, Comparison Price: 2,90 €/l
Product: Mehustamo appelsiinimehupullo 0,95L, Unit Price: 5,19 €, Comparison Price: 5,25 €/l
Product: Kotimaista Vaalea lagerolut 4,5% 0,568 l tlk, Unit Price: 2,44 €, Comparison Price: 4,03 €/l
Product: Hätälä Premium lohifilee ruodoton 300 g, Unit Price: 35,90 €, Comparison Price: 
Product: Kruunu Herkku Perunamuusi, Unit Price: 6,90 €, Comparison Price: 
Product: Hätälä Kirjolohifilee D-leikkuu, Unit Price: 26,90 €, Comparison Price: 
Product: Kokkikartano Isot lihapullat kermakastikkeessa 3200g, Unit Price: 15,70 €, Comparison Price: 
Product: Kivikylän Maalaislihahyytelö n. 4,5kg, Unit Price: 18,90 €, Comparison Price: 
Product: Ramune Soft Drink Carbonated(Mansikka)200ml, Unit Price: 2,95 €, Comparison Price: 14,75 €/l
Product: Ramune Soft Drink Carbonated(Original)200ml, Unit Price: 2,95 €, Comparison Price: 14,75 €/l
Product: Firewok buffet, Unit Price: 16,90 €, Comparison Price: 16,90 €/kg
Product: Itsudemo sushi box, 4*Lohi nigiri, 4*Grillattu Lohi nigiri, 4* Juusto Lohi Uramaki, 4*Lohi Uramaki, 4* Wakame Uramaki, Unit Price: 16,30 €, Comparison Price: 22,90 €/kg
Product: Rahkapannukakku, Unit Price: 0,64 €, Comparison Price: 15,90 €/kg
Product: Kasvihuone avomaankurkku, Unit Price: 0,63 €, Comparison Price: 6,29 €/kg
Product: Savulohifilee, Unit Price: 37,90 €, Comparison Price: 
Product: Delitalo Lihapyörykät tomaatti-fetakastikkeessa, Unit Price: 14,90 €, Comparison Price: 
Product: Gasa Gourmet valkosipulikastike 30 g, Unit Price: 0,40 €, Comparison Price: 13,33 €/kg
Product: Taffel Broadway sourcream & onion maustettu sipsi 325g, Unit Price: 2,89 €, Comparison Price: 8,89 €/kg
Product: Nauta-sikajauheliha (50/50), Unit Price: 12,50 €, Comparison Price: 
Product: Taffel Ranch dippi 20g, Unit Price: 0,59 €, Comparison Price: 29,50 €/kg
Product: Savukirjolohifilee, Unit Price: 29,90 €, Comparison Price: 
Product: Loimulohifilee, Unit Price: 37,90 €, Comparison Price: 
Product: Taffel Chips classic suolattu sipsi 305g, Unit Price: 3,09 €, Comparison Price: 10,13 €/kg
Product: Kuhafilee Viro, Unit Price: 36,90 €, Comparison Price: 
Product: Taffel Sips suolattu sipsi 325g, Unit Price: 2,89 €, Comparison Price: 8,89 €/kg
Product: Ruokamestarin Katkarapuherkku, Unit Price: 24,90 €, Comparison Price: 
Product: Taffel American dippi 20g, Unit Price: 0,59 €, Comparison Price: 29,50 €/kg
Product: Naudan paistijauheliha, Unit Price: 23,80 €, Comparison Price: 
Product: Taffel Juustosnacks 235g, Unit Price: 2,59 €, Comparison Price: 11,02 €/kg
Product: Kylmäsavulohifileeviipale, Unit Price: 49,90 €, Comparison Price: 
Product: Taffel sweet chili dippi 19g, Unit Price: 0,57 €, Comparison Price: 30,00 €/kg
Product: Lohifilee D-leikkuu ASC Premium, Unit Price: 36,90 €, Comparison Price: 
Product: Rainbow 100g cashewpähkinä natural, Unit Price: 1,33 €, Comparison Price: 13,30 €/kg
Product: Hätälä Kuhafilee, Unit Price: 37,90 €, Comparison Price: 
Product: Taffel Raffel sipsi 235g, Unit Price: 2,59 €, Comparison Price: 11,02 €/kg
Product: Saarioinen Kaalikääryle n.85g, Unit Price: 1,40 €, Comparison Price: 16,50 €/kg
Product: Estrella Sriracha Mayo sipsi 275g, Unit Price: 2,99 €, Comparison Price: 10,87 €/kg
Product: Delitalo Suvisalaatti, kaali-porkkana-ananassalaatti, Unit Price: 8,70 €, Comparison Price: 
Product: PRINGLES Sour Cream & Onion 185g, Unit Price: 2,69 €, Comparison Price: 14,54 €/kg
Product: Xtra cashewpähkinät natural 500 g, Unit Price: 5,65 €, Comparison Price: 11,30 €/kg
Product: Rainbow voin makuinen mikropopcorn 3x100g, Unit Price: 1,45 €, Comparison Price: 4,83 €/kg
Product: Taffel Nacho Cheese Balls maustettu juustosnacks 235g, Unit Price: 3,09 €, Comparison Price: 13,15 €/kg
Product: Estrella Herkku Original Perunalastut 275g, Unit Price: 2,99 €, Comparison Price: 10,87 €/kg
Product: Rainbow suolattu mikropopcorn 3X100g, Unit Price: 1,25 €, Comparison Price: 4,17 €/kg
Product: Estrella Linssisnacks Cheddar 125g, Unit Price: 2,99 €, Comparison Price: 23,92 €/kg
Product: Rainbow pähkinämix 200 g, Unit Price: 3,55 €, Comparison Price: 17,75 €/kg
Product: Rainbow 100g saksanpähkinä natural, Unit Price: 1,25 €, Comparison Price: 12,50 €/kg
Product: Taffel Hearts maissisipsi 235g, Unit Price: 3,09 €, Comparison Price: 13,15 €/kg
Product: Rainbow Popcorn maissinjyvät 500 g, Unit Price: 1,39 €, Comparison Price: 2,78 €/kg
Product: Taffel valkosipuli dippi 13g, Unit Price: 0,59 €, Comparison Price: 45,38 €/kg
Product: Estrella Maalaissipsi Merisuola 180g, Unit Price: 2,99 €, Comparison Price: 16,61 €/kg
Product: Taffel Grills grillimaustettu sipsi 325g, Unit Price: 2,89 €, Comparison Price: 8,89 €/kg
Product: Coop Lager olut 4,2 % tölkki 0,33 L, Unit Price: 0,99 €, Comparison Price: 2,55 €/l
Product: Kotimaista Vaalea lagerolut 4,5% 0,568 l tlk, Unit Price: 2,44 €, Comparison Price: 4,03 €/l
Product: Kotimaista Lager olut 4,3 % tölkki 0,33 L, Unit Price: 1,06 €, Comparison Price: 2,76 €/l
Product: A. Le Coq Premium 4,5% olut 0,33 l tlk, Unit Price: 1,26 €, Comparison Price: 3,36 €/l
Product: 24-pack Coop Lager olut 4,2 % tölkki 0,33 L, Unit Price: 23,76 €, Comparison Price: 2,55 €/l
Product: 24 x Sandels 4,7 % olut 0,33 l tlk salkku, Unit Price: 30,96 €, Comparison Price: 3,45 €/l
Product: Keisari Lager olut 4,5% 0,5l tölkki, Unit Price: 2,15 €, Comparison Price: 4,00 €/l
Product: 4 x Sol olut 4,2% 0,33 l, Unit Price: 7,16 €, Comparison Price: 5,12 €/l
Product: Lahden Erikois Summer 2024 olut 5% 0,5 l, Unit Price: 2,89 €, Comparison Price: 5,48 €/l
Product: A. Le Coq Premium 4,5% olut 0,568 l tlk, Unit Price: 3,29 €, Comparison Price: 5,53 €/l
Product: Corona Extra 4,5% 0,33L olut, Unit Price: 2,39 €, Comparison Price: 6,94 €/l
Product: 6-pack Crisp alkoholiton vaalea lager olut 0 % tölkki 0,33 L, Unit Price: 6,52 €, Comparison Price: 2,84 €/l
Product: Crisp alkoholiton vaalea lager olut 0 % tölkki 0,33 L, Unit Price: 1,25 €, Comparison Price: 3,33 €/l
Product: Sandels 4,7 % olut 0,568 l tlk, Unit Price: 3,69 €, Comparison Price: 6,23 €/l
Product: 24-pack Karhu Lager olut 4,6% tölkki 0,33 L, Unit Price: 30,96 €, Comparison Price: 3,45 €/l
Product: Coop Lager olut 4,3 % tölkki 0,5 l, Unit Price: 1,79 €, Comparison Price: 3,28 €/l
Product: Kotimaista Täysmallaslager 5,3% 0,5L olut, Unit Price: 2,49 €, Comparison Price: 4,68 €/l
Product: Crisp Hoppy Lager alkoholiton olut 0 % tölkki 0,33 L, Unit Price: 1,39 €, Comparison Price: 3,76 €/l
Product: Marsalkka Lager 4,6% olut 0,5l tölkki, Unit Price: 1,96 €, Comparison Price: 3,62 €/l
Product: 24-pack Kotimaista Lager olut 4,3 % tölkki 0,33 L, Unit Price: 25,44 €, Comparison Price: 2,76 €/l
Product: Lapin Kulta alkoholiton olut 0,0% 0,33 l, Unit Price: 1,05 €, Comparison Price: 2,73 €/l
Product: 6 x A. Le Coq Gold 4,7% olut 0,33 l tlk kutiste, Unit Price: 7,98 €, Comparison Price: 3,58 €/l
Product: Karhu Lager olut 5,3 % tölkki 0,33 L, Unit Price: 1,76 €, Comparison Price: 4,88 €/l
Product: 1664 Rosé olut 4,5 % lasipullo 0,33L, Unit Price: 2,99 €, Comparison Price: 8,76 €/l
Product: Iltalehti, Unit Price: 2,20 €, Comparison Price: 
Product: Paulig Juhla Mokka kahvi suodatinjauhatus 500g, Unit Price: 3,49 €, Comparison Price: 6,98 €/kg
Product: Red Bull Energiajuoma 250ml, Unit Price: 1,85 €, Comparison Price: 6,80 €/l
Product: Mega force 0,5l energy drink energiajuoma, Unit Price: 1,29 €, Comparison Price: 2,28 €/l
Product: Red Bull Energiajuoma 250ml, Unit Price: 1,85 €, Comparison Price: 6,80 €/l
Product: Mega force sugarfree energy drink energiajuoma 0,5l, Unit Price: 1,29 €, Comparison Price: 2,28 €/l
Product: Red Bull Sugarfree 0,25l, Unit Price: 1,80 €, Comparison Price: 6,60 €/l
Product: Red Bull Energiajuoma 0,355l, Unit Price: 2,49 €, Comparison Price: 6,59 €/l
Product: Megaforce solar citrus energiajuoma 0,5l tölkki, Unit Price: 1,29 €, Comparison Price: 2,28 €/l
Product: ED Original Energiajuoma 0,5 l, Unit Price: 1,99 €, Comparison Price: 3,58 €/l
Product: Red Bull Summer Edition Curuba 250ml, Unit Price: 1,89 €, Comparison Price: 6,96 €/l
Product: Battery energiajuoma tölkki 0,33 L, Unit Price: 2,59 €, Comparison Price: 7,39 €/l
Product: NOCCO BCAA Berruba 330ml, Unit Price: 2,59 €, Comparison Price: 7,39 €/l
Product: Red Bull Peach Edition 250ml, Unit Price: 1,89 €, Comparison Price: 6,96 €/l
Product: Monster Energy Ultra White energiajuoma tölkki 50cl, Unit Price: 2,09 €, Comparison Price: 3,88 €/l
Product: Red Bull Blue Edition Mustikka Energiajuoma 250ml, Unit Price: 1,89 €, Comparison Price: 6,96 €/l
Product: Puhdistamo Natural Energy Drink Strong Raspberry 330 ml, Unit Price: 2,29 €, Comparison Price: 6,48 €/l
Product: CELSIUS  Strawberry Lemonade energiajuoma 355 ml, Unit Price: 2,45 €, Comparison Price: 6,48 €/l
Product: Megaforce energy drink juiced mango energiajuoma 0,5, Unit Price: 1,29 €, Comparison Price: 2,28 €/l
Product: Red Bull Energiajuoma 0,473l, Unit Price: 3,19 €, Comparison Price: 6,43 €/l
Product: ED Lemon No Sugar Energiajuoma 0,5 l, Unit Price: 1,95 €, Comparison Price: 3,50 €/l
Product: TEHO Suomalainen energiajuoma 0,33 l tlk, Unit Price: 1,59 €, Comparison Price: 4,36 €/l
Product: Monster Energy Aussie Lemonade energy drink tlk 0,5 L, Unit Price: 2,25 €, Comparison Price: 4,20 €/l
Product: Battery Remix 22 energiajuoma tölkki 0,33 L, Unit Price: 2,59 €, Comparison Price: 7,39 €/l
Product: Monster Energy Juiced Mango Loco energiajuoma tölkki 50cl, Unit Price: 2,25 €, Comparison Price: 4,20 €/l
Product: Red Bull Tropical Edition energiajuoma 250ml, Unit Price: 1,89 €, Comparison Price: 6,96 €/l
Product: Red Bull Sea Blue Edition 250ml, Unit Price: 1,89 €, Comparison Price: 6,96 €/l
Product: Hartwall Original Long Drink Lemonade 5,5% 0,5 l, Unit Price: 4,39 €, Comparison Price: 8,48 €/l
Product: Hartwall Original Long Drink 5,5% 0,33 l, Unit Price: 2,90 €, Comparison Price: 8,33 €/l
Product: Hartwall Original Long Drink Pineapple 5,5% 0,5 l, Unit Price: 4,39 €, Comparison Price: 8,48 €/l
Product: Xtra Greippilonkero 4,7% 0,5 l tlk, Unit Price: 1,89 €, Comparison Price: 3,48 €/l
Product: Xtra Kevyt Greippilonkero 4,7% 0,5 l tlk, Unit Price: 1,89 €, Comparison Price: 3,48 €/l
Product: Hartwall Original Long Drink 5,5% 0,5 l, Unit Price: 4,39 €, Comparison Price: 8,48 €/l
Product: 6 x Hartwall Original Long Drink 5,5% 0,33 l, Unit Price: 17,40 €, Comparison Price: 8,33 €/l
Product: 6 x Hartwall Original Long Drink Pineapple 5,5% 0,33 l, Unit Price: 17,40 €, Comparison Price: 8,33 €/l
Product: Hartwall Original Long Drink White Label Grapefruit 5,5% 0,5 l, Unit Price: 4,39 €, Comparison Price: 8,48 €/l
Product: 6 x Hartwall Original Long Drink Lemonade 5,5% 0,33 l, Unit Price: 17,40 €, Comparison Price: 8,33 €/l
Product: Helsinki Long Drink Gin&Pink Grapefruit 5,5% 0,33 l tlk, Unit Price: 2,99 €, Comparison Price: 8,61 €/l
Product: A. Le Coq Grapefruit alkoholiton lonkero 0,0 % 0,33 l tlk, Unit Price: 1,55 €, Comparison Price: 4,24 €/l
Product: Hartwall Original Long Drink 2,6% 0,43 l, Unit Price: 2,59 €, Comparison Price: 5,56 €/l
Product: Hartwall Original Long Drink Grapefruit 0% 0,33 l, Unit Price: 1,89 €, Comparison Price: 5,27 €/l
Product: 12 x Hartwall Original Long Drink 5,5% 0,33 l, Unit Price: 34,80 €, Comparison Price: 8,33 €/l
Product: Koff Long Drink Mango long drink 5,5 % tölkki 0,33 L, Unit Price: 2,58 €, Comparison Price: 7,36 €/l
Product: Hartwall Original Long Drink Passionfruit 4,5% 0,33 l, Unit Price: 3,19 €, Comparison Price: 9,21 €/l
Product: 6 x Hartwall Original Long Drink White Label Grapefruit 5,5% 0,33 l, Unit Price: 17,40 €, Comparison Price: 8,33 €/l
Product: A. Le Coq GIN&Grapefruit Long drink 5,5 % 0,5 l tlk, Unit Price: 3,95 €, Comparison Price: 7,60 €/l
Product: 6 x A. Le Coq GIN&Grapefruit Long Drink 5,5% 0,33 l tlk, Unit Price: 13,68 €, Comparison Price: 6,45 €/l
Product: 6 x A. Le Coq Grapefruit Long Drink 4,7% 0,33 l tlk, Unit Price: 10,92 €, Comparison Price: 5,06 €/l
Product: Helsinki Long Drink Vodka-BloodOrange 5,5 % 0,33 l tlk, Unit Price: 2,99 €, Comparison Price: 8,61 €/l
Product: Koff Long Drink Pink Grapefruit alkoholiton lonkero 0 % tölkki 0,33 L, Unit Price: 1,59 €, Comparison Price: 4,36 €/l
Product: Laitilan Panama Gin 5,0% 0,33L ginipohjainen greipinmakuinen long drink, Unit Price: 2,79 €, Comparison Price: 8,00 €/l
Product: Mighty Hard Cider 5,5% 50cl tlk, Unit Price: 2,85 €, Comparison Price: 5,40 €/l
Product: Coop kuiva omenasiideri 5,5 % 0,5 l tlk, Unit Price: 2,59 €, Comparison Price: 4,88 €/l
Product: Coop vadelma-carambolasiideri light 4,7% 0,5L, Unit Price: 2,59 €, Comparison Price: 4,88 €/l
Product: Mighty Hard Summer Cider 5,5% 50cl tlk, Unit Price: 2,85 €, Comparison Price: 5,40 €/l
Product: Crowmoor Dry Apple 4,7% tölkki siideri 0,5 L, Unit Price: 3,69 €, Comparison Price: 7,08 €/l
Product: Xtra päärynäsiideri light 4,5% 0,5l tlk, Unit Price: 2,09 €, Comparison Price: 3,88 €/l
Product: Xtra omenasiideri light 4,5% 0,5l tlk, Unit Price: 2,09 €, Comparison Price: 3,88 €/l
Product: Somersby Apple omenasiideri 4,5 % tölkki 0,33 L, Unit Price: 2,19 €, Comparison Price: 6,18 €/l
Product: Saimaa Apple Dry Non-Alcoholic Cider 0,3% siideri 0,33l tölkki, Unit Price: 1,89 €, Comparison Price: 5,27 €/l
Product: Somersby Pear päärynäsiideri 4,5 % tölkki 0,33 L, Unit Price: 2,19 €, Comparison Price: 6,18 €/l
Product: Happy Joe Extra Dry Apple siideri 4,5% 0,33 l, Unit Price: 2,75 €, Comparison Price: 7,88 €/l
Product: Crowmoor Extra Dry 50 cl tlk 4,7 % siideri, Unit Price: 3,69 €, Comparison Price: 7,08 €/l
Product: Strongbow British Dry siideri 5% 0,44 l, Unit Price: 3,19 €, Comparison Price: 6,91 €/l
Product: Rainbow mansikka-raparperisiideri light 4,7% 0,5L, Unit Price: 2,59 €, Comparison Price: 4,88 €/l
Product: Somersby Apple Lite  omenasiideri 4,5 % tölkki 0,33 L, Unit Price: 2,19 €, Comparison Price: 6,18 €/l
Product: Fizz Original Dry 4,7% 0,5 l tlk, Unit Price: 3,09 €, Comparison Price: 5,88 €/l
Product: Crowmoor White Crow Dry Apple  alkoholiton siideri 0,0 % tölkki 0,33 L, Unit Price: 1,85 €, Comparison Price: 5,15 €/l
Product: Hartwall Happy Joe Dry Apple 0% alkoholiton siideri 0,275 l, Unit Price: 2,12 €, Comparison Price: 7,35 €/l
Product: Magners 50cl Irish Cider 4,5% tölkki siideri, Unit Price: 3,35 €, Comparison Price: 6,40 €/l
Product: Happy Joe Red Love rosé siideri 4,5% 0,275 l, Unit Price: 2,92 €, Comparison Price: 10,25 €/l
Product: Somersby Pear Lite päärynäsiideri 4,5 % tölkki 0,33 L, Unit Price: 2,19 €, Comparison Price: 6,18 €/l
Product: Crowmoor Dry Rosé siideri 4,5 % tlk 0,33 L, Unit Price: 2,59 €, Comparison Price: 7,39 €/l
Product: Happy Joe Dry Apple siideri 4,7% 0,33 l, Unit Price: 2,75 €, Comparison Price: 7,88 €/l
Product: Somersby Raspberry Lime maustettu omenasiideri 4,5 % tölkki 0,33 L, Unit Price: 2,19 €, Comparison Price: 6,18 €/l
Product: Vaasan Ruispalat  660g 12 kpl täysjyväruispalaleipä, Unit Price: 2,19 €, Comparison Price: 3,32 €/kg
Product: Vaasan Ruispalat Ohut Herkku 390 g 12 kpl täysjyväruisleipä, Unit Price: 2,59 €, Comparison Price: 6,64 €/kg
Product: Rainbow Riisipiirakka n. 65g, Unit Price: 0,38 €, Comparison Price: 5,85 €/kg
Product: Fazer Puikula Täysjyväruis 9kpl 500g, täysjyväruisleipä, Unit Price: 1,99 €, Comparison Price: 3,98 €/kg
Product: Fazer Puikula Täysjyväruis 6kpl 330g, täysjyväruisleipä, Unit Price: 1,55 €, Comparison Price: 4,70 €/kg
Product: Rainbow Croissant 70g, Unit Price: 0,65 €, Comparison Price: 9,29 €/kg
Product: Vaasan Ruispalat Ohut Herkku 195g 6 kpl täysjyväruisleipä, Unit Price: 1,59 €, Comparison Price: 8,15 €/kg
Product: Oululainen Reissumies Täysjyväruis 4kpl 235g, täysjyväruisleipä, Unit Price: 0,79 €, Comparison Price: 3,36 €/kg
Product: Vaasan Kauratyynyt 360 g 6 kpl halkaistu kaurasekaleipä, Unit Price: 1,59 €, Comparison Price: 4,42 €/kg
Product: Vaasan Ruispalat 330 g 6 kpl revitty täysjyväruisleipä, Unit Price: 1,20 €, Comparison Price: 3,64 €/kg
Product: Vaasan ISOpaahto Graham 500 g paahtoleipä, Unit Price: 2,25 €, Comparison Price: 4,50 €/kg
Product: Oululainen Reissumies Tosi Tumma 4kpl 280g, täysjyväruisleipä, Unit Price: 1,35 €, Comparison Price: 4,82 €/kg
Product: Fazer Leipurit Rustico sekaleipä 400 g, Unit Price: 3,99 €, Comparison Price: 9,98 €/kg
Product: Vaasan Taika Monivilja 350 g paahtoleipä, Unit Price: 1,89 €, Comparison Price: 5,40 €/kg
Product: Vaasan ISOpaahto Monivilja 525 g moniviljapaahtoleipä, Unit Price: 2,25 €, Comparison Price: 4,29 €/kg
Product: Kotimaista lihapasteija 67 g, Unit Price: 0,75 €, Comparison Price: 11,19 €/kg
Product: Oululainen Reilu Täysjyvä 550g, täysjyväleipä, Unit Price: 1,89 €, Comparison Price: 3,44 €/kg
Product: Fazer Leipurit vaalea hapanjuurileipä 460 g, Unit Price: 4,19 €, Comparison Price: 9,11 €/kg
Product: Vaasan 100 % Kaura 400g 6 kpl halkaistu kaurapalaleipä, Unit Price: 1,85 €, Comparison Price: 4,63 €/kg
Product: Fazer Paahto Viisi viljaa 505g, paahtoleipä, Unit Price: 2,10 €, Comparison Price: 4,16 €/kg
Product: Fazer Leipurit rukiinen riisipiirakka 5 kpl, Unit Price: 3,69 €, Comparison Price: 11,53 €/kg
Product: Kotimaista n. 100 g korvapuusti, Unit Price: 0,68 €, Comparison Price: 5,91 €/kg
Product: Fazer Leipurit Leipurimestarin kaurapellavaleipä 500 g, Unit Price: 4,39 €, Comparison Price: 8,78 €/kg
Product: Rainbow kinkku-juustocroissant n. 87 g, Unit Price: 0,87 €, Comparison Price: 10,00 €/kg
Product: Rainbow makea suippopaprika 300g, Unit Price: 1,79 €, Comparison Price: 5,97 €/kg
Product: Kurkku, Unit Price: 0,84 €, Comparison Price: 2,49 €/kg
Product: Chiquita banaani, Unit Price: 0,33 €, Comparison Price: 1,89 €/kg
Product: Coop banaani, Unit Price: 0,28 €, Comparison Price: 1,69 €/kg
Product: Reilun kaupan Banaani Luomu, Unit Price: 0,47 €, Comparison Price: 2,49 €/kg
Product: Banaani luomu, Unit Price: 0,40 €, Comparison Price: 2,09 €/kg
Product: Tomaatti Suomi, Unit Price: 0,34 €, Comparison Price: 3,29 €/kg
Product: Kotimaista jääsalaatti 100g Suomi, Unit Price: 1,15 €, Comparison Price: 11,50 €/kg
Product: Rainbow tumma siemenetön viinirypäle 500 g, Unit Price: 3,09 €, Comparison Price: 6,18 €/kg
Product: Mansikka 400 g, Unit Price: 2,49 €, Comparison Price: 6,23 €/kg
Product: Varpion kurkku, Unit Price: 1,17 €, Comparison Price: 3,49 €/kg
Product: Paprika punainen, Unit Price: 1,15 €, Comparison Price: 4,29 €/kg
Product: Rainbow makea suippopaprika 300g, Unit Price: 1,89 €, Comparison Price: 6,30 €/kg
Product: Sipuli, Unit Price: 0,20 €, Comparison Price: 1,45 €/kg
Product: Coop Sitruuna, Unit Price: 0,51 €, Comparison Price: 2,49 €/kg
Product: Kesäkurpitsa vihreä, Unit Price: 0,81 €, Comparison Price: 2,69 €/kg
Product: Tomaatti ulkomainen, Unit Price: 0,18 €, Comparison Price: 1,99 €/kg
Product: Avokado Hass Esikypsytetty, Unit Price: 1,40 €, Comparison Price: 6,99 €/kg
Product: Kasvihuone avomaankurkku, Unit Price: 0,63 €, Comparison Price: 6,29 €/kg
Product: Rainbow pakattu parsakaali 300 g, Unit Price: 0,99 €, Comparison Price: 3,30 €/kg
Product: Kurkku 240g Luomu, Unit Price: 1,79 €, Comparison Price: 7,46 €/kg
Product: Snäxi minikurkku 200g, Unit Price: 2,89 €, Comparison Price: 14,45 €/kg
Product: Rainbow vihreä siemenetön viinirypäle 500 g, Unit Price: 2,69 €, Comparison Price: 5,38 €/kg
Product: Lime, Unit Price: 0,27 €, Comparison Price: 3,29 €/kg
Product: Tankoparsa vihreä 500g, Unit Price: 3,59 €, Comparison Price: 7,18 €/kg
Product: Coop banaani, Unit Price: 0,16 €, Comparison Price: 0,99 €/kg
Product: Vaasan Ruispalat  660g 12 kpl täysjyväruispalaleipä, Unit Price: 2,19 €, Comparison Price: 3,32 €/kg
Product: Vaasan Ruispalat Ohut Herkku 390 g 12 kpl täysjyväruisleipä, Unit Price: 2,59 €, Comparison Price: 6,64 €/kg
Product: Fazer Puikula Täysjyväruis 9kpl 500g, täysjyväruisleipä, Unit Price: 1,99 €, Comparison Price: 3,98 €/kg
Product: Fazer Puikula Täysjyväruis 6kpl 330g, täysjyväruisleipä, Unit Price: 1,55 €, Comparison Price: 4,70 €/kg
Product: Vaasan Ruispalat Ohut Herkku 195g 6 kpl täysjyväruisleipä, Unit Price: 1,59 €, Comparison Price: 8,15 €/kg
Product: Oululainen Reissumies Täysjyväruis 4kpl 235g, täysjyväruisleipä, Unit Price: 0,79 €, Comparison Price: 3,36 €/kg
Product: Vaasan Kauratyynyt 360 g 6 kpl halkaistu kaurasekaleipä, Unit Price: 1,59 €, Comparison Price: 4,42 €/kg
Product: Vaasan Ruispalat 330 g 6 kpl revitty täysjyväruisleipä, Unit Price: 1,20 €, Comparison Price: 3,64 €/kg
Product: Vaasan ISOpaahto Graham 500 g paahtoleipä, Unit Price: 2,25 €, Comparison Price: 4,50 €/kg
Product: Oululainen Reissumies Tosi Tumma 4kpl 280g, täysjyväruisleipä, Unit Price: 1,35 €, Comparison Price: 4,82 €/kg
Product: Vaasan Taika Monivilja 350 g paahtoleipä, Unit Price: 1,89 €, Comparison Price: 5,40 €/kg
Product: Vaasan ISOpaahto Monivilja 525 g moniviljapaahtoleipä, Unit Price: 2,25 €, Comparison Price: 4,29 €/kg
Product: Oululainen Reilu Täysjyvä 550g, täysjyväleipä, Unit Price: 1,89 €, Comparison Price: 3,44 €/kg
Product: Vaasan 100 % Kaura 400g 6 kpl halkaistu kaurapalaleipä, Unit Price: 1,85 €, Comparison Price: 4,63 €/kg
Product: Fazer Paahto Viisi viljaa 505g, paahtoleipä, Unit Price: 2,10 €, Comparison Price: 4,16 €/kg
Product: Oululainen Reissumies Tosi Ohut Ruis 5kpl 175g, täysjyväruisleipä, Unit Price: 0,99 €, Comparison Price: 5,66 €/kg
Product: Oululainen Reilu Vehnä 500g, vehnäleipä, Unit Price: 1,89 €, Comparison Price: 3,78 €/kg
Product: Vaasan Maalaisviipaleet 500 g viipaloitu vehnäsekaleipä, Unit Price: 1,35 €, Comparison Price: 2,70 €/kg
Product: Oululainen Jälkiuuni Täysjyväruis 8kpl 480g, täysjyväruisleipä, Unit Price: 2,69 €, Comparison Price: 5,60 €/kg
Product: Vaasan TaikaRuis 550g täysjyväruisviipaleet, Unit Price: 2,25 €, Comparison Price: 4,09 €/kg
Product: Perheleipuri Salonen Aamiaissämpylä porkkana 7/420 g porkkanalla maustettu vehnäsämpylä, halkaistu, Unit Price: 2,55 €, Comparison Price: 6,07 €/kg
Product: Vaasan Kauratyynyt 540 g 9 kpl halkaistu kaurasekaleipä, Unit Price: 2,38 €, Comparison Price: 4,41 €/kg
Product: Oululainen Reissumies Täysjyväruis 12kpl 705g, täysjyväruisleipä, Unit Price: 1,49 €, Comparison Price: 2,11 €/kg
Product: Oululainen Reissumies Tosi Tumma 8kpl 560g, täysjyväruisleipä, Unit Price: 2,35 €, Comparison Price: 4,20 €/kg
Product: Vaasan Ruispalat Ohut Herkku 390 g 12 kpl täysjyväruisleipä, Unit Price: 2,29 €, Comparison Price: 5,87 €/kg
Product: 6 x Hartwall Original Long Drink Pineapple 5,5% 0,33 l, Unit Price: 17,10 €, Comparison Price: 8,18 €/l
Product: Rainbow mansikka-raparperisiideri light 4,7% 0,5L, Unit Price: 2,59 €, Comparison Price: 4,88 €/l
Product: A. Le Coq Premium 4,5% olut 0,33 l tlk, Unit Price: 1,26 €, Comparison Price: 3,36 €/l
Product: Rainbow Riisipiirakka n. 65g, Unit Price: 0,38 €, Comparison Price: 5,85 €/kg
Product: Rainbow Croissant 70g, Unit Price: 0,65 €, Comparison Price: 9,29 €/kg
Product: Fazer Leipurit Rustico sekaleipä 400 g, Unit Price: 3,99 €, Comparison Price: 9,98 €/kg
Product: Kotimaista lihapasteija 67 g, Unit Price: 0,75 €, Comparison Price: 11,19 €/kg
Product: Fazer Leipurit vaalea hapanjuurileipä 460 g, Unit Price: 4,19 €, Comparison Price: 9,11 €/kg
Product: Fazer Leipurit rukiinen riisipiirakka 5 kpl, Unit Price: 3,69 €, Comparison Price: 11,53 €/kg
Product: Kotimaista n. 100 g korvapuusti, Unit Price: 0,68 €, Comparison Price: 5,91 €/kg
Product: Fazer Leipurit Leipurimestarin kaurapellavaleipä 500 g, Unit Price: 4,39 €, Comparison Price: 8,78 €/kg
Product: Rainbow kinkku-juustocroissant n. 87 g, Unit Price: 0,87 €, Comparison Price: 10,00 €/kg
Product: Fazer Leipurit rukiinen riisipiirakka 10 kpl, Unit Price: 6,79 €, Comparison Price: 10,61 €/kg
Product: Fazer Leipurit Paesano vehnäleipä 360 g, Unit Price: 3,39 €, Comparison Price: 9,42 €/kg
Product: Fazer Leipurit Cashew-karpalociabatta 380g, Unit Price: 4,49 €, Comparison Price: 11,82 €/kg
Product: Fazer Leipurit Ciabatta vehnäsämpylä, Unit Price: 0,82 €, Comparison Price: 10,99 €/kg
Product: Fazer Leipurit kauravarras 100 % 350 g, Unit Price: 3,89 €, Comparison Price: 11,11 €/kpl
Product: Fazer Leipurit Leipurimestarin vehnäpatonki 380 g, Unit Price: 3,39 €, Comparison Price: 8,92 €/kg
Product: Fazer Leipurit Vuoksen riisipiirakka 8kpl, Unit Price: 4,69 €, Comparison Price: 16,28 €/kg
Product: Fazer Leipurit rukiinen riisipiirakka 8 kpl, Unit Price: 5,99 €, Comparison Price: 11,70 €/kg
Product: Fazer Leipurit Leipurimestarin kaurainen maalaisleipä 350 g, Unit Price: 3,59 €, Comparison Price: 10,26 €/kpl
Product: Fazer Leipurit cashew-karpalociabatta kg vehnäsämpylä, Unit Price: 1,00 €, Comparison Price: 13,39 €/kg
Product: Fazer Leipurit Leipurimestarin rouhepatonki 380 g vehnäleipä, Unit Price: 3,99 €, Comparison Price: 10,50 €/kg
Product: Fazer Leipurit Leipurimestarin kaurasämpylä kg, Unit Price: 0,90 €, Comparison Price: 11,99 €/kg
Product: Rainbow lihapiirakka 180 g, Unit Price: 1,40 €, Comparison Price: 7,78 €/kg
Product: Fazer Leipurit Leipurimestarin kaurapatonki 380 g, Unit Price: 3,79 €, Comparison Price: 9,97 €/kg
Product: Köftis kasvipohjainen bulgurpiirakka 65 g, Unit Price: 0,99 €, Comparison Price: 15,23 €/kg
Product: Kotimaista laktoositon kevytmaitojuoma 1 L, Unit Price: 1,04 €, Comparison Price: 1,04 €/l
Product: Karl Fazer maitosuklaapatukka minttucrisp 37g, Unit Price: 0,99 €, Comparison Price: 26,76 €/kpl
Product: Karl Fazer Tyrkisk Peber Hot&Sour suklaalevy 180g, Unit Price: 3,45 €, Comparison Price: 19,17 €/kpl
Product: HARIBO Tropifrutti 275 g karkkipussi, Unit Price: 2,55 €, Comparison Price: 9,27 €/kg
Product: Fazer Dumle summer mix pussi 180g, Unit Price: 3,45 €, Comparison Price: 19,17 €/kpl
Product: Fazer Tutti Frutti Summer Rings Sour karkkipussi 160g, Unit Price: 1,95 €, Comparison Price: 12,19 €/kpl
Product: Marabou Cookie Dought suklaalevy 185g, Unit Price: 2,95 €, Comparison Price: 15,95 €/kg
Product: Fazer Remix Mini Duo karkkipussi 120g, Unit Price: 1,49 €, Comparison Price: 12,42 €/kg
Product: Malaco TV Mix Kirpeä makeissekoitus 280g, Unit Price: 2,89 €, Comparison Price: 10,32 €/kg
Product: Fazer Tutti Frutti Paradise karkkipussi 300g, Unit Price: 3,29 €, Comparison Price: 10,97 €/kpl
Product: Läkerol Dents Raspberry Salmiak ksylitolipastilli 36g, Unit Price: 1,45 €, Comparison Price: 40,28 €/kg
Product: Coop Sweet & Salty Crispies maissisnacks 100 g, Unit Price: 1,55 €, Comparison Price: 15,50 €/kg
Product: Skittles Crazy Sours 152g, Unit Price: 1,59 €, Comparison Price: 10,46 €/kg
Product: Daim Double Strawberry  suklaapatukka 56g, Unit Price: 0,95 €, Comparison Price: 16,96 €/kg
Product: Skittles Fruits 38g, Unit Price: 0,75 €, Comparison Price: 19,74 €/kg
Product: Daim 3-pack strawberry suklaapatukka 84g (3x28g), Unit Price: 1,29 €, Comparison Price: 15,36 €/kg
Product: Marabou Mjölkchoklad suklaalevy 200g, Unit Price: 2,65 €, Comparison Price: 13,25 €/kg
Product: Panda Pop päärynäjätski täytelakritsipatukka 22g, Unit Price: 0,32 €, Comparison Price: 14,55 €/kg
Product: Daim 3-pack suklaapatukka 84g (3x28g), Unit Price: 1,29 €, Comparison Price: 15,36 €/kg
Product: HARIBO Soda Straws Zourr 90 g Karkkipussi, Unit Price: 1,49 €, Comparison Price: 16,56 €/kg
Product: Panda Laban se alkuperäinen makeissekoitus 160g, Unit Price: 2,15 €, Comparison Price: 13,44 €/kg
Product: Coop Corn Puffies maissisnacks 80 g, Unit Price: 1,55 €, Comparison Price: 19,38 €/kg
Product: Jenkki Enjoy Peach Ice Tea ksylitolipurukumi 35g, Unit Price: 1,85 €, Comparison Price: 52,86 €/kg
Product: Jenkki Enjoy Minty Frappe ksylitolipurukumi 35g, Unit Price: 1,85 €, Comparison Price: 52,86 €/kg
Product: Karl Fazer Suffeli Riisipuffi suklaalevy 185g, Unit Price: 3,45 €, Comparison Price: 18,65 €/kpl
Product: Valio Hyvä suomalainen Arki® pehmeä raejuusto 200 g laktoositon, Unit Price: 1,29 €, Comparison Price: 6,45 €/kg
Product: MO Saaremaa Kermajuusto 1kg, laktoositon, Unit Price: 5,75 €, Comparison Price: 5,75 €/kg
Product: Granarolo Mozzarella 250g, Unit Price: 3,25 €, Comparison Price: 13,00 €/kg
Product: Valio Keittiön Mascarpone e200 g laktoositon, Unit Price: 2,75 €, Comparison Price: 13,75 €/kg
Product: Salakis Feta juusto alkuperäinen 150g, Unit Price: 3,29 €, Comparison Price: 21,93 €/kg
Product: Valio Keittiön grillijuusto e200 g laktoositon, Unit Price: 3,49 €, Comparison Price: 17,45 €/kg
Product: Filos original kreikkalainen fetajuusto p.d.o. 2 x 75g, Unit Price: 3,15 €, Comparison Price: 21,00 €/kg
Product: Apetina Original 150 g salaattijuustopala, Unit Price: 1,89 €, Comparison Price: 12,60 €/kg
Product: Olympus Salaattijuusto laktoositon 150g, Unit Price: 1,79 €, Comparison Price: 11,93 €/kg
Product: Rainbow sulatejuusto vähälaktoosinen 400g, Unit Price: 2,99 €, Comparison Price: 7,48 €/kg
Product: Valio Keittiön salaattijuustopala e200 g laktoositon, Unit Price: 3,29 €, Comparison Price: 16,45 €/kg
Product: Fontana Grilloumi 180g Laktoositon, Unit Price: 3,19 €, Comparison Price: 17,72 €/kg
Product: BE Gourmet 100g mieto herkullinen sinihomejuusto, Unit Price: 1,69 €, Comparison Price: 16,90 €/kg
Product: Kolios korkeaproteiininen salaattijuusto 200g, Unit Price: 2,99 €, Comparison Price: 14,95 €/kg
Product: Valio Keittiön salaattijuustomuru e150 g laktoositon, Unit Price: 2,99 €, Comparison Price: 19,93 €/kg
Product: Kuusamon Juusto Paimenpoika Ruoka & Dippi sulatejuusto gouda 14% 200 g, Unit Price: 2,49 €, Comparison Price: 12,45 €/kg
Product: Kolios fetakuutiot liemessä 150g, Unit Price: 3,59 €, Comparison Price: 23,93 €/kg
Product: Kuusamon Juusto Paimenpoika Mat & Dip smältost stark 200 g, Unit Price: 2,49 €, Comparison Price: 12,45 €/kg
Product: Juustoportti Luomu Halla 150 g paistettava juusto, Unit Price: 3,95 €, Comparison Price: 26,33 €/kg
Product: Filos Deluxe halloumi-juusto PDO 225g, Unit Price: 5,95 €, Comparison Price: 26,44 €/kg
Product: Apolonis grillijuusto vartaat 200g (4x50g), Unit Price: 2,99 €, Comparison Price: 14,95 €/kg
Product: Yipin Tofu Marinoitu Soija&Inkivääri 230g, Unit Price: 3,45 €, Comparison Price: 15,00 €/kg
Product: Kuusamon Juusto Paimenpoika kermajuustoviipaleet 280 g, Unit Price: 3,99 €, Comparison Price: 14,25 €/kg
Product: Cottage Drops luomu 200g, Unit Price: 2,65 €, Comparison Price: 13,25 €/kg
Product: Fazer Remix Mini Duo karkkipussi 120g, Unit Price: 0,99 €, Comparison Price: 8,25 €/kg
Product: Marabou Cookie Dought suklaalevy 185g, Unit Price: 2,10 €, Comparison Price: 11,35 €/kg
Product: Karl Fazer maitosuklaa suklaalevy 200g, Unit Price: 2,49 €, Comparison Price: 12,45 €/kg
Product: Karl Fazer maitosuklaa suklaapatukka 39g, Unit Price: 0,69 €, Comparison Price: 17,69 €/kg
Product: Fazer Kismet suklaapatukka 55g, Unit Price: 0,89 €, Comparison Price: 16,18 €/kg
Product: Fazer Geisha hasselpähkinänougat suklaapatukka 37g, Unit Price: 0,89 €, Comparison Price: 24,05 €/kg
Product: Tupla Kingsize suklaapatukka 85g, Unit Price: 1,45 €, Comparison Price: 17,06 €/kg
Product: Karl Fazer maitosuklaapatukka minttucrisp 37g, Unit Price: 0,99 €, Comparison Price: 26,76 €/kpl
Product: Daim Double suklaapatukka 56g, Unit Price: 0,95 €, Comparison Price: 16,67 €/kg
Product: Karl Fazer Tyrkisk Peber Hot&Sour suklaalevy 180g, Unit Price: 3,45 €, Comparison Price: 19,17 €/kpl
Product: Snickers 2pack suklaapatukka 75g, Unit Price: 0,99 €, Comparison Price: 13,20 €/kg
Product: Jenkki Professional Freshmint täysksylitolipurukumi 90g, Unit Price: 3,09 €, Comparison Price: 34,33 €/kg
Product: Fazer Pätkis Maxi Crunchy suklaapatukka 55g, Unit Price: 1,35 €, Comparison Price: 24,55 €/kg
Product: HARIBO Tropifrutti 275 g karkkipussi, Unit Price: 2,55 €, Comparison Price: 9,27 €/kg
Product: Fazer Dumle summer mix pussi 180g, Unit Price: 3,45 €, Comparison Price: 19,17 €/kpl
Product: Fazer Geisha Crunchy suklaapatukka 50g, Unit Price: 1,35 €, Comparison Price: 27,00 €/kg
Product: Jenkki Original Spearmint ksylitolipurukumi 100g, Unit Price: 2,99 €, Comparison Price: 29,90 €/kg
Product: Panda Pepe original lakritsipatukka 32g, Unit Price: 0,40 €, Comparison Price: 12,50 €/kg
Product: Karl Fazer Crunchy suklaapatukka 55g, Unit Price: 1,35 €, Comparison Price: 24,55 €/kg
Product: Tupla Maxi suklaapatukka 50g, Unit Price: 0,89 €, Comparison Price: 17,80 €/kg
Product: Fazer Kismet Pätkis suklaapatukka 41g, Unit Price: 0,89 €, Comparison Price: 21,71 €/kg
Product: Fazer Tutti Frutti Summer Rings Sour karkkipussi 160g, Unit Price: 1,95 €, Comparison Price: 12,19 €/kpl
Product: Fazer Makea Moka karkkipussi 300g, Unit Price: 2,35 €, Comparison Price: 7,83 €/kg
Product: Fazer Dumle Crunchy Salted Caramel suklaapatukka 55g, Unit Price: 1,35 €, Comparison Price: 24,55 €/kg
Product: Airwaves Menthol & Eucalyptus purukumi 29g, Unit Price: 1,49 €, Comparison Price: 51,38 €/kg
Product: Tupla Double Layer White Nougat suklaapatukka 48g, Unit Price: 0,89 €, Comparison Price: 18,54 €/kg
Product: HARIBO Tropifrutti 275 g karkkipussi, Unit Price: 2,55 €, Comparison Price: 9,27 €/kg
Product: Fazer Dumle summer mix pussi 180g, Unit Price: 3,45 €, Comparison Price: 19,17 €/kpl
Product: Fazer Tutti Frutti Summer Rings Sour karkkipussi 160g, Unit Price: 1,95 €, Comparison Price: 12,19 €/kpl
Product: Fazer Makea Moka karkkipussi 300g, Unit Price: 2,35 €, Comparison Price: 7,83 €/kg
Product: Fazer Remix Mini Duo karkkipussi 120g, Unit Price: 1,49 €, Comparison Price: 12,42 €/kg
Product: Malaco TV Mix Kirpeä makeissekoitus 280g, Unit Price: 2,89 €, Comparison Price: 10,32 €/kg
Product: Malaco Aakkoset Sirkus makeissekoitus 340g, Unit Price: 2,75 €, Comparison Price: 8,09 €/kg
Product: Fazer Tutti Frutti Paradise karkkipussi 300g, Unit Price: 3,29 €, Comparison Price: 10,97 €/kpl
Product: Malaco Tv Mix Mini Kirpeä makeissekoitus 110g, Unit Price: 1,39 €, Comparison Price: 12,64 €/kg
Product: Fazer Remix karkkipussi 350g, Unit Price: 3,15 €, Comparison Price: 9,00 €/kg
Product: HARIBO Goldbears 75g hedelmäkarkkipussi, Unit Price: 0,99 €, Comparison Price: 13,20 €/kg
Product: Fazer Ässä Missä X kirpeä hedelmä- ja lakritsikarkkipussi 180g, Unit Price: 1,45 €, Comparison Price: 8,06 €/kg
Product: Fazer Suffeli Puffi Snacks pussi 160g, Unit Price: 3,05 €, Comparison Price: 19,06 €/kg
Product: HARIBO Flowerzourr 250g Kirpeä karkkipussi, Unit Price: 2,55 €, Comparison Price: 10,20 €/kg
Product: Fazer Remix Choco karkkipussi 325g, Unit Price: 3,15 €, Comparison Price: 9,69 €/kg
Product: Fazer Tutti Frutti Yoghurt Splash karkkipussi 350g, Unit Price: 3,29 €, Comparison Price: 9,40 €/kg
Product: Coop Sweet & Salty Crispies maissisnacks 100 g, Unit Price: 1,55 €, Comparison Price: 15,50 €/kg
Product: Skittles Crazy Sours 152g, Unit Price: 1,59 €, Comparison Price: 10,46 €/kg
Product: Fazer Pantteri salmiakki karkkipussi 180g, Unit Price: 1,75 €, Comparison Price: 9,72 €/kg
Product: Kouvolan Lakritsi 300g lakritsipaloja, Unit Price: 3,55 €, Comparison Price: 11,83 €/kg
Product: Fazer Pätkis Bites minttutryffeli suklaa karkkipussi 140g, Unit Price: 2,25 €, Comparison Price: 16,07 €/kg
Product: Fazer Remix Mini Minis karkkipussi 120g, Unit Price: 1,49 €, Comparison Price: 12,42 €/kg
Product: Fazer Remix Mini Sour karkkipussi 120g, Unit Price: 1,49 €, Comparison Price: 12,42 €/kg
Product: Skittles Fruits 38g, Unit Price: 0,75 €, Comparison Price: 19,74 €/kg
Product: Karl Fazer maitosuklaa suklaalevy 200g, Unit Price: 1,99 €, Comparison Price: 9,95 €/kg
Product: Kokkikartano Täyteläinen pinaattikeitto 300g, Unit Price: 2,89 €, Comparison Price: 9,63 €/kg
Product: Sheba Sauce Collection Tonnikala 85g annospussi, Unit Price: 1,10 €, Comparison Price: 12,94 €/kg
Product: Sheba Filets Kanafilee 60g, Unit Price: 1,75 €, Comparison Price: 29,17 €/kg
Product: Perfect Fit Sensitive 1+ kastikelajitelma 4x85g, Unit Price: 5,09 €, Comparison Price: 14,97 €/kg
Product: Purina One 4x85g Adult Minifileet kastikkeessa, sis. kanaa ja vihreitä papuja, Unit Price: 3,69 €, Comparison Price: 10,85 €/kg
Product: Purina One 4x85 g Sterilcat Minifileet kastikkeessa, sis. nautaa, kanaa ja kasviksia, Unit Price: 3,69 €, Comparison Price: 10,85 €/kg
Product: Mjau Lihanmakuja hyytelössä viljaton ja kalaton lajitelma 12x85g kissanruoka, Unit Price: 6,59 €, Comparison Price: 6,46 €/kg
Product: Whiskas 1+ Perinteiset Ateriat kastikkeessa (24 x 85 g), Unit Price: 8,90 €, Comparison Price: 4,36 €/kg
Product: Sheba Kitten Kana ja Lohi kastikkeessa annospussi 12x85g, Unit Price: 8,95 €, Comparison Price: 8,77 €/kg
Product: Latz Tasty Nuggets 50g Runsaasti Kanaa, Unit Price: 1,79 €, Comparison Price: 35,80 €/kg
Product: Latz Tasty Nuggets 50g Runsaasti Lohta, Unit Price: 1,79 €, Comparison Price: 35,80 €/kg
Product: Almo Nature Daily multipack kissan täysravinto tonnikala-lohi & turska-katkarapu 6 x 70 g, Unit Price: 5,79 €, Comparison Price: 13,79 €/kg
Product: Almo Nature Daily multipack kissan täysravinto kana-nauta & ankka-kana 6 x 70 g, Unit Price: 5,79 €, Comparison Price: 13,79 €/kg
Product: Dreamies Creamy kissanherkku Lohta 4x10g, Unit Price: 1,89 €, Comparison Price: 47,25 €/kg
Product: Vitakraft Crispy Crunch Piparminttu Kissanherkku 60g, Unit Price: 1,19 €, Comparison Price: 19,83 €/kg
Product: Dreamies Creamy kissanherkku Kanaa 4x10g, Unit Price: 1,89 €, Comparison Price: 47,25 €/kg
Product: Vitakraft Crispy Crunch Mallas Kissanherkku 60g, Unit Price: 1,19 €, Comparison Price: 19,83 €/kg
Product: Vitakraft Crispy Crunch Siipikarja Kissanherkku 60g, Unit Price: 1,19 €, Comparison Price: 19,83 €/kg
Product: Vitakraft Crispy Crunch Ankka+Aronia Kissanherkku 60g, Unit Price: 1,19 €, Comparison Price: 19,83 €/kg
Product: Vitakraft Crispy Crunch Kalkkuna+Chia Kissanherkku 60g, Unit Price: 1,19 €, Comparison Price: 19,83 €/kg
Product: Pets Unlimited Delicups tonnikala-katkarapu 6x22g, Unit Price: 3,89 €, Comparison Price: 29,47 €/kg
Product: Pets Unlimited Delicups tonnikala-kana 6x22g, Unit Price: 3,89 €, Comparison Price: 29,47 €/kg
Product: Oscar Kana-ateria kissoille täysravinto 650g, Unit Price: 8,79 €, Comparison Price: 13,52 €/kg
Product: Oscar Kana-lohiateria kissoille täysravinto 650g, Unit Price: 8,79 €, Comparison Price: 13,52 €/kg
Product: Whiskas kissan kuivaruoka 1+ Kanaa 1,9kg, Unit Price: 8,90 €, Comparison Price: 4,68 €/kg
Product: Colgate Karies Kontroll hammastahna 20ml, Unit Price: 0,75 €, Comparison Price: 37,50 €/l
Product: Jordan 3-in-1 Flosser hammaslankain 36kpl, Unit Price: 3,49 €, Comparison Price: 0,10 €/kpl
Product: Colgate Karies Kontroll hammastahna 125ml, Unit Price: 2,29 €, Comparison Price: 18,32 €/l
Product: Colgate Max White White Crystals hammastahna 125 ml, Unit Price: 2,29 €, Comparison Price: 18,32 €/l
Product: Colgate 0-5 v. lasten hammastahna 50ml, Unit Price: 1,85 €, Comparison Price: 37,00 €/l
Product: Plackers Gentle Picks Hammastikut 30 kpl, Unit Price: 3,49 €, Comparison Price: 0,12 €/kpl
Product: Pepsodent Professional Anti-cavity Hammastahna tehokkaaseen hampaiden hoitoon 75 ml, Unit Price: 3,79 €, Comparison Price: 50,53 €/l
Product: Oral-B Junior 75ml lasten hammastahna, Unit Price: 1,99 €, Comparison Price: 26,53 €/l
Product: Pepsodent Professional Gums Hammastahna tehokkaaseen hampaiden hoitoon 75 ml, Unit Price: 3,79 €, Comparison Price: 50,53 €/l
Product: Jordan Clean Between Large hammastikku 40kpl, Unit Price: 3,69 €, Comparison Price: 0,09 €/kpl
Product: Colgate 0-2 first smiles hammasharja 1kpl, Unit Price: 1,95 €, Comparison Price: 
Product: Plackers Original hammaslankain 38kpl, Unit Price: 4,25 €, Comparison Price: 0,11 €/kpl
Product: Colgate Max White Ultra Active Foam hammastahna 75ml, Unit Price: 5,95 €, Comparison Price: 79,33 €/l
Product: Colgate Max White One hammastahna 75ml, Unit Price: 2,90 €, Comparison Price: 38,67 €/l
Product: Pepsodent Professional Sensitivity Hammastahna tehokkaseen hampaiden hoitoon 75 ml, Unit Price: 3,79 €, Comparison Price: 50,53 €/l
Product: Plackers Twin Hammaslankain 33kpl, Unit Price: 4,25 €, Comparison Price: 0,13 €/kpl
Product: Oral-B Junior 50ml lasten hammastahna, Unit Price: 1,39 €, Comparison Price: 27,80 €/l
Product: NURMON Vaihtoharjat-4 Sensitive, Oral-B yhteensopivat, Unit Price: 9,95 €, Comparison Price: 2,49 €/kpl
Product: Oral-B PRO 3+ Kids Spiderman/Frozen 3kpl vaihtoharja, Unit Price: 17,90 €, Comparison Price: 5,97 €/kpl
Product: Plackers Gentle Brush Hammasväliharja XL 0,8mm 6 kpl, Unit Price: 3,69 €, Comparison Price: 0,62 €/kpl
Product: Plackers Gentle Brush Hammasväliharja L 0,7mm 6 kpl, Unit Price: 3,69 €, Comparison Price: 0,62 €/kpl
Product: Plackers Tri-line hammaslankain 30kpl, Unit Price: 4,25 €, Comparison Price: 0,14 €/kpl
Product: Colgate 6-9 Big Kids Smiles lasten hammasharja 1kpl, Unit Price: 1,95 €, Comparison Price: 
Product: Plackers Gentle Brush Hammasväliharja S 0.5mm 6 kpl, Unit Price: 3,69 €, Comparison Price: 0,62 €/kpl
Product: Beauty of Joseon Centella Asiatica Calming Mask, Unit Price: 2,85 €, Comparison Price: 
Product: Vaseline Lip Therapy Rosy Lips huulivoide 7g, Unit Price: 2,99 €, Comparison Price: 427,14 €/kg
Product: Blistex Jojoba Rescue huulivoide 3,7g, Unit Price: 2,95 €, Comparison Price: 737,50 €/kg
Product: Vival 100kpl Oil Touch Silmämeikinpoistolaput vedenkestävälle meikille, Unit Price: 7,19 €, Comparison Price: 0,07 €/kpl
Product: Carmex Huulivoide puikko SPF 30 4,25g, Unit Price: 3,55 €, Comparison Price: 887,50 €/kg
Product: Labello 5,5ml Caring Lip Oil Dress Nude -huuliöljy, Unit Price: 6,95 €, Comparison Price: 1158,33 €/l
Product: Blistex Agave Rescue huulivoide 3,7g, Unit Price: 2,95 €, Comparison Price: 737,50 €/kg
Product: Labello 5,5ml Caring Lip Oil Candy Pink -huuliöljy, Unit Price: 6,95 €, Comparison Price: 1158,33 €/l
Product: Ziaja sweet mirabelle huulikiilto 12ml, Unit Price: 4,25 €, Comparison Price: 354,17 €/l
Product: Labello 5,5ml Caring Lip Oil Clear Glow -huuliöljy, Unit Price: 6,95 €, Comparison Price: 1158,33 €/l
Product: Compeed Conceal & Go Finnilaastari 15 Kpl, Unit Price: 11,65 €, Comparison Price: 0,78 €/kpl
Product: Garnier SkinActive Vitamin C UV Daily Fluid SK50+ Sheer Tint päivävoide väsyneelle iholle 40ml, Unit Price: 12,95 €, Comparison Price: 323,75 €/l
Product: 7th Heaven Llamacorn kankainen kasvonaamio 1kpl, Unit Price: 2,95 €, Comparison Price: 
Product: Lumene HELLÄ Kosteuttava micellar-puhdistusvesi 400 ml, Unit Price: 9,25 €, Comparison Price: 23,13 €/l
Product: Garnier SkinActive Vitamin C UV Daily Fluid SK50+ Invisible päivävoide väsyneelle iholle 40ml, Unit Price: 13,95 €, Comparison Price: 348,75 €/l
Product: Beauty of Joseon Radiance Cleansing Balm -puhdistusbalmi, Unit Price: 21,95 €, Comparison Price: 219,50 €/l
Product: Garnier SkinActive Vitamin C Gentle Cleanser puhdistusgeeli kuivalle iholle 250ml, Unit Price: 8,45 €, Comparison Price: 33,80 €/l
Product: Garnier SkinActive Hyaluronic Aloe Gentle Cleanser puhdistusgeeli kuivalle iholle 250ml, Unit Price: 8,45 €, Comparison Price: 33,80 €/l
Product: Lumene HERKKÄ Rauhoittava micellar-puhdistusvesi 400 ml, Unit Price: 9,25 €, Comparison Price: 23,13 €/l
Product: Green Plum Refreshing kasvovesi, Unit Price: 19,95 €, Comparison Price: 133,00 €/l
Product: Beauty of Joseon Dynasty Cream, Unit Price: 29,65 €, Comparison Price: 593,00 €/l
Product: Revuele Keramidi kosteuttava puhdistusaine  250ml, Unit Price: 5,45 €, Comparison Price: 21,80 €/l
Product: Compeed Finnilaastari Cleansing 7 Kpl, Unit Price: 7,95 €, Comparison Price: 1,14 €/kpl
Product: Taika Kiinteyttävä kasvovoide COSMOS 50ml, Unit Price: 12,95 €, Comparison Price: 259,00 €/l
Product: Saarioinen Lihaperunasoselaatikko 350g, Unit Price: 2,05 €, Comparison Price: 5,86 €/kg
Product: Vaasan Ruispalat  660g 12 kpl täysjyväruispalaleipä, Unit Price: 1,69 €, Comparison Price: 2,56 €/kg
Product: Siipiyhtiö Shiracha-aiolidippi 50 g, Unit Price: 1,30 €, Comparison Price: 26,00 €/kg
Product: Go-Tan Sriracha Mayo 215ml, Unit Price: 3,39 €, Comparison Price: 15,77 €/l
Product: Heinz Seriously good majoneesi 400ml, Unit Price: 3,79 €, Comparison Price: 9,48 €/l
Product: Saclà 190g Vegan basilikapesto, Unit Price: 3,59 €, Comparison Price: 18,89 €/kg
Product: Hellmann's  Sweet Chili Kastike  Pullo 100 % kierrätysmuovia   250 ml, Unit Price: 3,39 €, Comparison Price: 13,56 €/l
Product: Meira Chili-lime majoneesi 220g, Unit Price: 2,99 €, Comparison Price: 13,59 €/kpl
Product: Felix chili-aioli salaattikastike 375g, Unit Price: 2,79 €, Comparison Price: 7,44 €/kg
Product: Johnny's Yellow Mustard sinappi190g, Unit Price: 2,39 €, Comparison Price: 12,58 €/kg
Product: Meira Paahdettu aioli majoneesi 220g, Unit Price: 2,99 €, Comparison Price: 13,59 €/kpl
Product: Meira Vegaaninen paprikamajoneesi 220g, Unit Price: 2,99 €, Comparison Price: 13,59 €/kg
Product: Agrov.luomu kp oliiviöljy, Unit Price: 11,99 €, Comparison Price: 23,98 €/l
Product: Santa Maria 50G Curry Red Thai Style, Unit Price: 2,75 €, Comparison Price: 55,00 €/kg
Product: Santa Maria 24G Välimeren Yrttiseos Ei Lisättyä Suolaa, Unit Price: 1,95 €, Comparison Price: 81,25 €/kg
Product: Felix Hellfire ketsuppi 500g, Unit Price: 4,05 €, Comparison Price: 8,10 €/kg
Product: Santa Maria 37G Broilerimauste Ei Lisättyä Suolaa, Unit Price: 1,85 €, Comparison Price: 50,00 €/kg
Product: Poppamies BBQ Sauce Classic BBQ No sugar added grillikastike 525g, Unit Price: 4,79 €, Comparison Price: 9,12 €/kg
Product: Santa Maria 38G Jauhelihamauste Ei Lisättyä Suolaa, Unit Price: 1,95 €, Comparison Price: 51,32 €/kg
Product: Baba Tahini seesaminsiementahna 200g, Unit Price: 4,49 €, Comparison Price: 22,45 €/kg
Product: Kikkoman 345g gluteeniton sushikastike, Unit Price: 4,59 €, Comparison Price: 13,30 €/kg
Product: Santa Maria 46G Korean BBQ Korean Style, Unit Price: 2,75 €, Comparison Price: 59,78 €/kg
Product: Santa Maria 42G Sriracha Thai Style, Unit Price: 2,75 €, Comparison Price: 65,48 €/kg
Product: Santa Maria 23G Kalamauste Ei Lisättyä Suolaa, Unit Price: 1,75 €, Comparison Price: 76,09 €/kg
Product: Santa Maria Seafood & Fish Mausteseos mylly 90g, Unit Price: 5,69 €, Comparison Price: 63,22 €/kg
Product: L'Oréal Paris Elvital Hyaluron Pure shampoo kosteutta kaipaaville hiuksille 250ml, Unit Price: 3,15 €, Comparison Price: 12,60 €/l
Product: OSIS+ Session Erittäin voimakas hiuskiinne 500ml, Unit Price: 11,50 €, Comparison Price: 23,00 €/l
Product: TRESemmé  Rich Moisture Shampoo  Ammattimaista laatua   400 ML, Unit Price: 3,99 €, Comparison Price: 9,98 €/l
Product: OSIS+  Session Erittäin voimakas hiuskiinne 100ml, Unit Price: 5,95 €, Comparison Price: 59,50 €/l
Product: L'Oréal Paris Elvital Hyaluron Pure hoitoaine kosteutta kaipaaville hiuksille 200ml, Unit Price: 3,15 €, Comparison Price: 15,75 €/l
Product: TRESemmé  Rich Moisture Hoitoaine  Ammattimaista laatua   400 ML, Unit Price: 3,99 €, Comparison Price: 9,98 €/l
Product: TRESemmé  24H Volume Shampoo  Ammattimaista laatua   400 ML, Unit Price: 3,99 €, Comparison Price: 9,98 €/l
Product: Garnier Fructis Method for Curls shampoo kihartuville hiuksille 200ml, Unit Price: 5,29 €, Comparison Price: 26,45 €/l
Product: head&shoulders 2in1 Apple Fresh 250ml shampoo, Unit Price: 4,29 €, Comparison Price: 17,16 €/l
Product: Dove  Aloe & Rose Water Shampoo     400 ML, Unit Price: 4,39 €, Comparison Price: 10,97 €/l
Product: OSIS+ Freeze Voimakas hiuskiinne 500ml, Unit Price: 11,50 €, Comparison Price: 23,00 €/l
Product: TRESemmé  Rich Moisture Shampoo  Ammattimaista laatua   250 ML, Unit Price: 3,29 €, Comparison Price: 13,16 €/l
Product: Garnier Fructis Method for Curls hiusnaamio kihartuville hiuksille 370ml, Unit Price: 7,29 €, Comparison Price: 19,70 €/l
Product: OSiS+ 85ml Flexwax erittäin voimakas mattavaha, Unit Price: 9,49 €, Comparison Price: 111,65 €/l
Product: L'Oréal Paris Elvital Glycolic Gloss shampoo kiillottomille hiuksille 200ml, Unit Price: 7,39 €, Comparison Price: 36,95 €/l
Product: OSIS+Freeze Voimakas hiuskiinne 300ml, Unit Price: 9,49 €, Comparison Price: 31,63 €/l
Product: Dove  Long & Radiant Shampoo  hoitaa ja suojaa pitkiä hiuksia   400 ML, Unit Price: 4,39 €, Comparison Price: 10,97 €/l
Product: head&shoulders Pro-Expert 7 Persistent Dandruff 250ml shampoo, Unit Price: 4,75 €, Comparison Price: 19,00 €/l
Product: L'Oréal Paris Elvital Glycolic Gloss hoitoaine kiillottomille hiuksille 150ml, Unit Price: 7,39 €, Comparison Price: 49,27 €/l
Product: Revuele hoitosuihke arganöljy 120ml, Unit Price: 3,29 €, Comparison Price: 27,42 €/l
Product: Ziaja kaakao silottava shampoo kuiville, vahingoittuneille tai värjätyille hiuksille 400ml, Unit Price: 2,95 €, Comparison Price: 7,38 €/l
Product: Wella Professionals SP Hydrate shampoo 250ml, Unit Price: 16,50 €, Comparison Price: 66,00 €/l
Product: Palmolive Naturals Silky Shine shampoo 350ml, Unit Price: 2,89 €, Comparison Price: 8,26 €/l
Product: head&shoulders 7 Pro-Expert Anti-Hairfall Defence with caffeine 250ml shampoo, Unit Price: 4,75 €, Comparison Price: 19,00 €/l
Product: Pioni 3kpl, värilajitelma, Unit Price: 7,50 €, Comparison Price: 
Product: Reilun Kaupan ruusu 10kpl, värilajitelma, 40cm, Unit Price: 4,99 €, Comparison Price: 
Product: Ruusu Favourite, rk 10,5 cm, värilajitelma, Unit Price: 4,29 €, Comparison Price: 
Product: Viikkokimppu, 8 oksaa, vaihteleva lajitelma, sävykääre, 50cm, Unit Price: 4,29 €, Comparison Price: 
Product: Krysanteemikimppu, Unit Price: 3,79 €, Comparison Price: 
Product: Kotimaista kerrottu tulilatva, Kalanchoe Blossfeldiana, värilajitelma, paperikääre, rk 12cm, Unit Price: 3,79 €, Comparison Price: 
Product: Lilja 3kpl, lajitelma, Unit Price: 3,99 €, Comparison Price: 
Product: Kotimaista viherkasvimulta 10 L, Unit Price: 2,50 €, Comparison Price: 0,25 €/l
Product: Kuukausikimppu, Unit Price: 8,99 €, Comparison Price: 
Product: Kotimaista kukkamulta 5 L, Unit Price: 1,50 €, Comparison Price: 0,30 €/l
Product: Eukalyptus oksa 3kpl, 50cm, erilaisia, Unit Price: 3,29 €, Comparison Price: 
Product: Oksaneilikka, värilajitelma, 8 oksaa, 50cm, Unit Price: 6,99 €, Comparison Price: 
Product: Kimppu Vilma, monivärinen sekakimppu, 7 oksaa, 40cm, Unit Price: 7,50 €, Comparison Price: 
Product: Kimppu Valo, lajitelma, monivärinen sekakimppu, 5 oksaa, 50cm, Unit Price: 6,99 €, Comparison Price: 
Product: Ruusu Morsdag, perinteinen äitienpäiväruusu, rk 16cm, lajitelmavärit, muovikääre, Unit Price: 19,90 €, Comparison Price: 
Product: Queen tulilatva Roseflower, sävyllinen lahjakääre, kevyesti glitteriöity sävy sävyyn, Unit Price: 7,99 €, Comparison Price: 
Product: Biolan Musta Multa 10 l, Unit Price: 3,95 €, Comparison Price: 0,40 €/l
Product: Biolan turpeeton 10 l Viherkasvimulta, Unit Price: 4,50 €, Comparison Price: 0,45 €/l
Product: Rahapuu, Crassula ovata, ruukku 12cm, Unit Price: 4,99 €, Comparison Price: 
Product: Biolan Altakastelumulta 10 l, Unit Price: 4,95 €, Comparison Price: 0,50 €/l
Product: Orthex sanko 10 L, Unit Price: 2,40 €, Comparison Price: 
Product: Biolan Kylvö- ja taimimulta 10 l, Unit Price: 4,95 €, Comparison Price: 0,50 €/l
Product: Substral Kasviravinnepuikko viherkasveille 30 kpl, Unit Price: 3,95 €, Comparison Price: 0,13 €/kpl
Product: Biolan yrttimulta 10 l, Unit Price: 4,50 €, Comparison Price: 0,45 €/l
Product: Nature Line puukuituhaarukka Premium 12 kpl, Unit Price: 1,65 €, Comparison Price: 0,14 €/kpl
Product: Rainbow eco muovilasi 250ml 25 kpl, Unit Price: 1,15 €, Comparison Price: 0,05 €/kpl
Product: Nature Line puukuituruokalusikka Premium 12 kpl, Unit Price: 1,75 €, Comparison Price: 0,15 €/kpl
Product: Nature Line puukuitukahvilusikka Premium 12 kpl, Unit Price: 1,25 €, Comparison Price: 0,10 €/kpl
Product: Mini-Maid Kartonkilautanen valkoinen 26cm FSC, Unit Price: 3,45 €, Comparison Price: 0,17 €/kpl
Product: Biopak 10x18kpl 165mm haarukka, veitsi & lusikka vahattu puuaterinsetti x 144, Unit Price: 2,15 €, Comparison Price: 0,12 €/kpl
Product: SaveGaia kompostoitava ja biohajoava kestohaarukka 12kpl, Unit Price: 3,49 €, Comparison Price: 0,29 €/kpl
Product: Nature Line puukuituveitsi Premium 12 kpl, Unit Price: 1,55 €, Comparison Price: 0,13 €/kpl
Product: BIOPAK Pluma valkoinen paperihaarukka 16cm 10kpl, Unit Price: 2,45 €, Comparison Price: 0,25 €/kpl
Product: Spen maistiaishaarukka 11cm 50kpl, Unit Price: 0,79 €, Comparison Price: 0,02 €/kpl
Product: BIOPAK 10kpl 18cm Grand vahattu puulusikka, Unit Price: 2,10 €, Comparison Price: 0,21 €/kpl
Product: Rainbow eco olutlasi 400ml 25 kpl, Unit Price: 1,85 €, Comparison Price: 0,07 €/kpl
Product: Mini-Maid Grillilautanen 16x19cm ruskea valkaisematonkartonki FSC, Unit Price: 2,45 €, Comparison Price: 0,12 €/kpl
Product: Huhtamaki kartonkilautanen 20x18cm Kesä, Unit Price: 2,29 €, Comparison Price: 0,11 €/kpl
Product: Mini-Maid Kartonkilautanen valkoinen 23x23cm FSC, Unit Price: 2,45 €, Comparison Price: 0,12 €/kpl
Product: Huhtamaki kartonkilautanen 20x22cm Kesä, Unit Price: 2,99 €, Comparison Price: 0,15 €/kpl
Product: Ecotime kuitulautanen ovaali 26x19cm 12kpl, Unit Price: 2,85 €, Comparison Price: 0,24 €/kpl
Product: Mini-Maid Syvä kartonkilautanen ruskea 500ml valkaisematon kartonki FSC, Unit Price: 2,95 €, Comparison Price: 0,15 €/kpl
Product: Huhtamaki kartonkinen kuumakuppi korvalla 20x175ml Kesä 2024, Unit Price: 2,55 €, Comparison Price: 0,13 €/kpl
Product: Marimekko 33cm Sitruunapuu vaaleanpunainen 20kpl lautasliina, Unit Price: 2,99 €, Comparison Price: 0,15 €/kpl
Product: Duni Bio 27cl Sweet bagassikulho 10kpl x 8, Unit Price: 2,45 €, Comparison Price: 0,25 €/kpl
Product: BIOPAK 10kpl 18cm Grand vahattu puuhaarukka, Unit Price: 2,09 €, Comparison Price: 0,21 €/kpl
Product: SaveGaia kompostoitava ja biohajoava kestolusikka 12kpl, Unit Price: 3,49 €, Comparison Price: 0,29 €/kpl
Product: BIOPAK Pluma valkoinen paperilusikka 15cm 10kpl, Unit Price: 2,55 €, Comparison Price: 0,26 €/kpl
Product: Rainbow tumma siemenetön viinirypäle 500 g, Unit Price: 2,40 €, Comparison Price: 4,80 €/kg
Product: Dansukker Suomalainen Taloussokeri 1kg, Unit Price: 1,55 €, Comparison Price: 1,55 €/kg
Product: Aito Hienosokeri 1kg, Unit Price: 1,29 €, Comparison Price: 1,29 €/kg
Product: Kotimaista kaurahiutale 1 kg, Unit Price: 1,29 €, Comparison Price: 1,29 €/kg
Product: Elovena 1kg täysjyvä kaurahiutale, Unit Price: 2,35 €, Comparison Price: 2,35 €/kg
Product: Kotimaista puolikarkea vehnäjauho 2 kg, Unit Price: 1,55 €, Comparison Price: 0,78 €/kg
Product: Kotimaista luomu kaurahiutale 850 g, Unit Price: 0,99 €, Comparison Price: 1,16 €/kg
Product: Kotimaista pikakaurahiutale 750 g, Unit Price: 1,12 €, Comparison Price: 1,49 €/kg
Product: Dansukker Fariinisokeri 500g, Unit Price: 1,75 €, Comparison Price: 3,50 €/kg
Product: Rainbow 1kg kidesokeri, Unit Price: 1,49 €, Comparison Price: 1,49 €/kg
Product: Sunnuntai 2kg erikois vehnäjauho, Unit Price: 2,69 €, Comparison Price: 1,35 €/kg
Product: Coop crunchy granola mansikka ja jogurtti 725 g, Unit Price: 3,49 €, Comparison Price: 4,81 €/kg
Product: Xtra vehnäjauho 2 kg, Unit Price: 0,89 €, Comparison Price: 0,45 €/kg
Product: Nalle 500g pikakaurahiutaleita, Unit Price: 1,45 €, Comparison Price: 2,90 €/kg
Product: Kotimaista gluteeniton kaurahiutale 500 g, Unit Price: 1,29 €, Comparison Price: 2,58 €/kg
Product: Dansukker Siro Erikoishieno Sokeri 1kg, Unit Price: 2,15 €, Comparison Price: 2,15 €/kg
Product: Dansukker Ruokokidesokeri 500g, Unit Price: 2,35 €, Comparison Price: 4,70 €/kg
Product: Xtra Pikakaurahiutale 500 g, Unit Price: 0,39 €, Comparison Price: 0,78 €/kg
Product: Kotimaista erikoisvehnäjauho 2 kg, Unit Price: 1,79 €, Comparison Price: 0,90 €/kg
Product: Elovena 2kg täysjyväkaurahiutale, Unit Price: 4,55 €, Comparison Price: 2,28 €/kg
Product: Rainbow tomusokeri 250 g, Unit Price: 0,65 €, Comparison Price: 2,60 €/kg
Product: Myllyn Paras Iso Kaurahiutale 1 kg, Unit Price: 2,79 €, Comparison Price: 2,79 €/kg
Product: Fazer Alku Maistuvampi kaurapuuro 500 g, Unit Price: 1,95 €, Comparison Price: 3,90 €/kg
Product: Myllyn Paras Kaurahiutale 1kg, Unit Price: 2,19 €, Comparison Price: 2,19 €/kg
Product: Kotimaista Kaurahiutale ja kuitu 800 g, Unit Price: 1,85 €, Comparison Price: 2,31 €/kg
Product: Santa Maria 320G Tex Mex Tortilla Original Medium 8-pack, Unit Price: 1,79 €, Comparison Price: 5,59 €/kg
Product: Xtra pehmeät vehnätortillat 8 kpl 280 g, Unit Price: 0,79 €, Comparison Price: 2,82 €/kg
Product: Hellmann's Real Majoneesi 400 g, Unit Price: 3,89 €, Comparison Price: 9,73 €/kg
Product: Heinz Tomaattiketsuppi 1kg, Unit Price: 3,49 €, Comparison Price: 3,49 €/kg
Product: Keiju Rypsiöljy 500 ml, Unit Price: 2,15 €, Comparison Price: 4,30 €/l
Product: Coop iso täysjyvävehnätortilla 370 g 6 kpl, Unit Price: 1,25 €, Comparison Price: 3,38 €/kg
Product: Kotimaista 900ml rypsiöljy, Unit Price: 3,79 €, Comparison Price: 4,21 €/l
Product: Santa Maria Taco Spice Mix mausteseos jauhelihalle 28 g, Unit Price: 1,15 €, Comparison Price: 41,07 €/kg
Product: Coop vehnätortilla 320 g 8 kpl, Unit Price: 1,09 €, Comparison Price: 3,41 €/kg
Product: Santa Maria Tortilla Original Medium vehnätortilla 12 kpl 480 g, Unit Price: 2,65 €, Comparison Price: 5,52 €/kg
Product: Rainbow Pesto alla Genovese 190g, Unit Price: 1,99 €, Comparison Price: 10,47 €/kg
Product: Kotimaista rypsiöljy 450ml, Unit Price: 2,10 €, Comparison Price: 4,67 €/l
Product: Santa Maria Tortilla Whole Wheat Medium täysjyvätortilla 8 kpl 320 g, Unit Price: 3,09 €, Comparison Price: 9,66 €/kg
Product: Santa Maria Tortilla Original Large vehnätortilla 6 kpl 371 g, Unit Price: 2,35 €, Comparison Price: 6,33 €/kg
Product: Xtra 1l rapsiöljy, Unit Price: 2,75 €, Comparison Price: 2,75 €/l
Product: Felix ketsuppi 500g, Unit Price: 2,59 €, Comparison Price: 5,18 €/kg
Product: Keiju Rypsiöljy 1 l, Unit Price: 5,45 €, Comparison Price: 5,45 €/l
Product: Apetit 500ml rypsiöljy, Unit Price: 2,39 €, Comparison Price: 4,78 €/l
Product: Heinz Tomaattiketsuppi 1,35kg, Unit Price: 5,79 €, Comparison Price: 4,29 €/kg
Product: Heinz Tomaattiketsuppi 570g, Unit Price: 3,29 €, Comparison Price: 5,77 €/kg
Product: Santa Maria Tortilla Corn & Wheat Medium 8 kpl, 336 g, Unit Price: 3,05 €, Comparison Price: 9,08 €/kg
Product: Coop iso vehnätortilla 370 g 6 kpl, Unit Price: 1,25 €, Comparison Price: 3,38 €/kg
Product: Rainbow paahdettu sipulirouhe 200 g, Unit Price: 1,72 €, Comparison Price: 8,60 €/kg
Product: Xtra tomaattiketsuppi 1 kg, Unit Price: 0,69 €, Comparison Price: 0,69 €/kg
Product: Kotimaista Riisipuuro 300g, Unit Price: 1,15 €, Comparison Price: 3,83 €/kg
Product: Rainbow pysäköintikiekko, Unit Price: 1,20 €, Comparison Price: 
Product: Turtle Wax puhdistusliina 24kpl, Unit Price: 4,95 €, Comparison Price: 0,21 €/kpl
Product: Kungs jumbosieni, Unit Price: 1,95 €, Comparison Price: 
Product: Needit Park Lite 2, Unit Price: 34,90 €, Comparison Price: 
Product: Kungs autoliina 50 kpl/pkt, Unit Price: 7,50 €, Comparison Price: 0,15 €/kpl
Product: Turtle Wax lasinpuhdistusliina 24kpl, Unit Price: 4,95 €, Comparison Price: 0,21 €/kpl
Product: Aurinkosuoja imukuppikiinnityksellä 45x36cm, Unit Price: 3,90 €, Comparison Price: 
Product: Wunderbaum ilmanraikastin New car, Unit Price: 1,85 €, Comparison Price: 
Product: Aroma Ilmanraikastin Wood Bubble Gum, Unit Price: 2,50 €, Comparison Price: 
Product: Aroma Ilmanraikastin Wood New Car, Unit Price: 2,50 €, Comparison Price: 
Product: Kungs pesusieni 175x90x45cm, Unit Price: 1,00 €, Comparison Price: 
Product: Aroma Ilmanraikastin Wood Vanilla, Unit Price: 2,50 €, Comparison Price: 
Product: Kungs ikkunaliina 40x40cm, Unit Price: 3,50 €, Comparison Price: 
Product: Pysäköintikiekko Camo Compass, Unit Price: 3,90 €, Comparison Price: 
Product: Turtle Wax puhdistusliina kumi&muovi matta 24kpl, Unit Price: 4,95 €, Comparison Price: 0,21 €/kpl
Product: Needit Park Lite tarrasarja, Unit Price: 6,95 €, Comparison Price: 
Product: Needit Park Micro tarrasarja, Unit Price: 7,95 €, Comparison Price: 
Product: Needit Park Micro 2, Unit Price: 28,90 €, Comparison Price: 
Product: Turtle Wax nahanpuhdistusliina 24kpl, Unit Price: 4,95 €, Comparison Price: 0,21 €/kpl
Product: Kungs Kojelautaliina 45x38 cm, Unit Price: 5,90 €, Comparison Price: 
Product: Kungs mikrokuitusieni, Unit Price: 5,90 €, Comparison Price: 
Product: Motoral M+ mikrokuituliinat 40x40cm 3kpl, Unit Price: 5,90 €, Comparison Price: 1,97 €/kpl
Product: Kungs monikäyttöliina 30 kpl/pkt, Unit Price: 13,95 €, Comparison Price: 0,47 €/kpl
Product: Kungs Super Dry autonkuivauspyyhe, Unit Price: 10,90 €, Comparison Price: 
Product: Tomaatti ulkomainen, Unit Price: 0,18 €, Comparison Price: 1,99 €/kg
Product: Chiquita banaani, Unit Price: 0,33 €, Comparison Price: 1,89 €/kg
Product: Coop banaani, Unit Price: 0,28 €, Comparison Price: 1,69 €/kg
Product: Reilun kaupan Banaani Luomu, Unit Price: 0,47 €, Comparison Price: 2,49 €/kg
Product: Banaani luomu, Unit Price: 0,40 €, Comparison Price: 2,09 €/kg
Product: Kurkku, Unit Price: 0,84 €, Comparison Price: 2,49 €/kg
Product: Tomaatti Suomi, Unit Price: 0,34 €, Comparison Price: 3,29 €/kg
Product: Kotimaista jääsalaatti 100g Suomi, Unit Price: 1,15 €, Comparison Price: 11,50 €/kg
Product: Mansikka 400 g, Unit Price: 2,49 €, Comparison Price: 6,23 €/kg
Product: Rainbow makea suippopaprika 300g, Unit Price: 1,89 €, Comparison Price: 6,30 €/kg
Product: Kesäkurpitsa vihreä, Unit Price: 0,81 €, Comparison Price: 2,69 €/kg
Product: Avokado Hass Esikypsytetty, Unit Price: 1,40 €, Comparison Price: 6,99 €/kg
Product: Tankoparsa vihreä 500g, Unit Price: 3,59 €, Comparison Price: 7,18 €/kg
Product: Jäävuorisalaatti, Unit Price: 1,54 €, Comparison Price: 4,39 €/kg
Product: Kotimaista Kirsikkatomaatti 250g, Unit Price: 1,99 €, Comparison Price: 7,96 €/kg
Product: Rainbow avokado 800g, Unit Price: 3,89 €, Comparison Price: 4,86 €/kg
Product: Kevätsipulinippu 100g, Unit Price: 2,19 €, Comparison Price: 21,90 €/kg
Product: Paulig Juhla Mokka kahvi suodatinjauhatus 500g, Unit Price: 6,05 €, Comparison Price: 12,10 €/kg
Product: Pensasmustikka 300g, Unit Price: 4,39 €, Comparison Price: 14,63 €/kg
Product: Pensasmustikka 125g, Unit Price: 1,99 €, Comparison Price: 15,92 €/kg
Product: Kotimaista kermaviili 12 % vähälaktoosinen 200 g, Unit Price: 0,55 €, Comparison Price: 2,75 €/kg
Product: Coop vesimeloni, Unit Price: 5,23 €, Comparison Price: 2,09 €/kg
Product: Helmitomaattipikari 200g, Unit Price: 2,79 €, Comparison Price: 13,95 €/kg
Product: Rainbow pakattu kukkakaali, Unit Price: 2,70 €, Comparison Price: 4,19 €/kg
Product: Varhaiskaali, Unit Price: 1,99 €, Comparison Price: 1,99 €/kg
Product: Oatly iKaffe kaurajuoma 1L, Unit Price: 1,99 €, Comparison Price: 1,99 €/l
Product: Rainbow Croissant 70g, Unit Price: 0,65 €, Comparison Price: 9,29 €/kg
Product: Kotimaista punasipuli 500g, Unit Price: 0,99 €, Comparison Price: 1,98 €/kg
Product: Aprikoosi 500g, Unit Price: 2,19 €, Comparison Price: 4,38 €/kg
Product: Avokado Hass Esikypsytetty, Unit Price: 1,40 €, Comparison Price: 6,99 €/kg
Product: Banaani luomu, Unit Price: 0,40 €, Comparison Price: 2,09 €/kg
Product: Kotimaista kevytmaito 1 L, Unit Price: 0,79 €, Comparison Price: 0,79 €/l
Product: Fazer Leipurit Leipurimestarin kaurainen maalaisleipä 350 g, Unit Price: 3,59 €, Comparison Price: 10,26 €/kpl
Product: Rock luomu ruispala, Unit Price: 3,05 €, Comparison Price: 10,17 €/kg
Product: Fazer Leipurit Artesaanipaahto Jyväisä 440g, Unit Price: 3,99 €, Comparison Price: 9,07 €/kpl
Product: Atria Parempi Nauta Jauheliha 10% 400g, Unit Price: 3,99 €, Comparison Price: 9,98 €/kg
Product: Kotimaista maustamaton kanan fileesuikale 300 g, Unit Price: 2,89 €, Comparison Price: 9,63 €/kg
Product: Kotimaista sika-nauta jauheliha 23 % 400 g, Unit Price: 2,75 €, Comparison Price: 6,88 €/kg
Product: Kotimaista naudan jauheliha 17 % 400 g, Unit Price: 3,89 €, Comparison Price: 9,73 €/kg
Product: Kotimaista sika-nauta jauheliha 23 % 700 g, Unit Price: 4,45 €, Comparison Price: 6,36 €/kg
Product: Kotimaista naudan jauheliha 17 % 700 g, Unit Price: 6,75 €, Comparison Price: 9,64 €/kg
Product: Kotimaista kanan jauheliha 4 % 400 g, Unit Price: 3,25 €, Comparison Price: 8,13 €/kg
Product: Snellman Kunnon naudan jauheliha 10% 700g, Unit Price: 7,89 €, Comparison Price: 11,27 €/kg
Product: Kotimaista kanan koipireisi marinoitu n. 1,1 kg, Unit Price: 3,25 €, Comparison Price: 2,95 €/kg
Product: Kotimaista Kanan fileesuikale miedosti suolattu 700 g, Unit Price: 6,89 €, Comparison Price: 9,84 €/kg
Product: Kotimaista Kuorellinen nakki 400g, Unit Price: 4,19 €, Comparison Price: 10,48 €/kg
Product: HK Ohuen ohut Kalkkunanfilee 300 g, Unit Price: 3,99 €, Comparison Price: 13,30 €/kg
Product: Kotimaista miedosti suolattu kanan fileeleike 800 g, Unit Price: 9,56 €, Comparison Price: 11,95 €/kg
Product: Kotimaista Kanan fileeleike miedosti suolattu 410 g, Unit Price: 5,59 €, Comparison Price: 13,63 €/kg
Product: Snellman Kunnon kuoreton nakkimakkara 280g, Unit Price: 2,59 €, Comparison Price: 9,25 €/kg
Product: Atria Ohuen Ohut Kalkkunaleike 200g, Unit Price: 2,95 €, Comparison Price: 14,75 €/kg
Product: HK Amerikan pekoni® 170 g, Unit Price: 2,49 €, Comparison Price: 14,65 €/kg
Product: Xtra naudan jauheliha 10% 400 g, Unit Price: 2,99 €, Comparison Price: 7,48 €/kg
Product: Snellman Kunnon naudan jauheliha 10% 400g, Unit Price: 4,59 €, Comparison Price: 11,48 €/kg
Product: Coop ohut kalkkunaleikkele 200 g, Unit Price: 1,49 €, Comparison Price: 7,45 €/kg
Product: Atria Luomu Nauta Jauheliha 12% 400g, Unit Price: 6,45 €, Comparison Price: 16,13 €/kg
Product: HK Viljaporsas- Nauta jauheliha 22% 1 kg, Unit Price: 7,49 €, Comparison Price: 7,49 €/kg
Product: Atria Nauta Jauheliha 15% 400g, Unit Price: 5,25 €, Comparison Price: 13,13 €/kg
Product: HK Ohuen ohut Ylikypsä saunapalvikinkku 300 g, Unit Price: 3,99 €, Comparison Price: 13,30 €/kg
Product: Fazer Leipurit Rustico sekaleipä 400 g, Unit Price: 3,99 €, Comparison Price: 9,98 €/kg
Product: Fazer Leipurit vaalea hapanjuurileipä 460 g, Unit Price: 4,19 €, Comparison Price: 9,11 €/kg
Product: Fazer Leipurit Leipurimestarin kaurapellavaleipä 500 g, Unit Price: 4,39 €, Comparison Price: 8,78 €/kg
Product: Fazer Leipurit Paesano vehnäleipä 360 g, Unit Price: 3,39 €, Comparison Price: 9,42 €/kg
Product: Fazer Leipurit Cashew-karpalociabatta 380g, Unit Price: 4,49 €, Comparison Price: 11,82 €/kg
Product: Fazer Leipurit Ciabatta vehnäsämpylä, Unit Price: 0,82 €, Comparison Price: 10,99 €/kg
Product: Fazer Leipurit kauravarras 100 % 350 g, Unit Price: 3,89 €, Comparison Price: 11,11 €/kpl
Product: Fazer Leipurit Leipurimestarin vehnäpatonki 380 g, Unit Price: 3,39 €, Comparison Price: 8,92 €/kg
Product: Fazer Leipurit Leipurimestarin rouhepatonki 380 g vehnäleipä, Unit Price: 3,99 €, Comparison Price: 10,50 €/kg
Product: Fazer Leipurit Leipurimestarin kaurapatonki 380 g, Unit Price: 3,79 €, Comparison Price: 9,97 €/kg
Product: Coop vesimeloni, Unit Price: 4,72 €, Comparison Price: 1,89 €/kg
Product: Kotimaista Kanan fileesuikale miedosti suolattu 700 g, Unit Price: 6,85 €, Comparison Price: 9,79 €/kg
Product: Myllyn Paras Makaroni 400g, Unit Price: 0,39 €, Comparison Price: 0,98 €/kg
Product: Myllyn Paras Tumma Makaroni 400 g, Unit Price: 0,45 €, Comparison Price: 1,13 €/kg
Product: Barilla Spaghetti n.5 durumvehnästä valmistettu pasta 1kg, Unit Price: 2,09 €, Comparison Price: 2,09 €/kg
Product: Rainbow basmatiriisi 1 kg, Unit Price: 2,69 €, Comparison Price: 2,69 €/kg
Product: Coop Gnocchi kuviopasta 500 g, Unit Price: 1,09 €, Comparison Price: 2,18 €/kg
Product: 5x Mama Kanamakuinen nuudeli 90g, Unit Price: 3,89 €, Comparison Price: 8,64 €/kg
Product: Coop Penne Rigate pasta 500 g, Unit Price: 1,09 €, Comparison Price: 2,18 €/kg
Product: Rainbow Jasmiiniriisi 1 kg, Unit Price: 2,49 €, Comparison Price: 2,49 €/kg
Product: Coop Fusilli pasta 500 g, Unit Price: 1,09 €, Comparison Price: 2,18 €/kg
Product: Mama 6-pack Kananmakuinen nuudeli 6x55g, Unit Price: 3,39 €, Comparison Price: 10,27 €/kg
Product: Rummo Fusilli pasta no 48 500g, Unit Price: 2,55 €, Comparison Price: 5,10 €/kg
Product: Xtra Spaghetti 1kg, Unit Price: 0,75 €, Comparison Price: 
Product: Coop Tagliatelle pasta 500 g, Unit Price: 1,99 €, Comparison Price: 3,98 €/kg
Product: Mama 12-pack Kananmakuinen nuudeli 12x55g, Unit Price: 5,79 €, Comparison Price: 8,77 €/kg
Product: Preah Vihear Jasmiiniriisi 1Kg, Unit Price: 2,19 €, Comparison Price: 2,19 €/kg
Product: Mama Spicy Chicken Flavour 90g, Unit Price: 0,75 €, Comparison Price: 8,33 €/kg
Product: Mama Kanamakuinen nuudeli 90g, Unit Price: 0,79 €, Comparison Price: 8,78 €/kg
Product: Rummo Spaghetti no 3 500g, Unit Price: 2,29 €, Comparison Price: 4,58 €/kg
Product: Ben's Original Pitkäjyväinen riisi 1kg, Unit Price: 3,95 €, Comparison Price: 3,95 €/kg
Product: Coop täysjyväspagetti 500 g, Unit Price: 0,95 €, Comparison Price: 1,90 €/kg
Product: Torino 500g täysjyvä cappellipasta, Unit Price: 2,15 €, Comparison Price: 4,30 €/kg
Product: Torino 750g täysjyvämakaroni, Unit Price: 2,09 €, Comparison Price: 2,79 €/kg
Product: Mama Riisinuudeli 225g, Unit Price: 2,39 €, Comparison Price: 10,62 €/kg
Product: Myllyn Paras Raketti Spagetti 350g, Unit Price: 0,75 €, Comparison Price: 2,14 €/kg
Product: Xtra vanutyynyt 120 kpl, Unit Price: 0,72 €, Comparison Price: 0,01 €/kpl
Product: Xtra vanupuikot 200 kpl, Unit Price: 0,47 €, Comparison Price: 0,01 €/kpl
Product: Rainbow vanutyynyt nukkaamaton 100% puuvillaa 80kpl, Unit Price: 1,40 €, Comparison Price: 0,02 €/kpl
Product: Pepsodent Xylitol Hammastahna Ksylitolia sisältävä fluorihammastahna 125 ml, Unit Price: 1,79 €, Comparison Price: 14,32 €/l
Product: Pepsodent Super Fluor Hammastahna Miedon makuinen 125 ml, Unit Price: 1,79 €, Comparison Price: 14,32 €/l
Product: Helmi pyöreä vanulappu 100 kpl, Unit Price: 2,10 €, Comparison Price: 0,02 €/kpl
Product: Rainbow vanupuikot 300 kpl, Unit Price: 1,75 €, Comparison Price: 0,01 €/kpl
Product: Änglamark vanulappu  luomu 60 kpl, Unit Price: 1,19 €, Comparison Price: 0,02 €/kpl
Product: Rainbow 50kpl Maxi-vanutyynyt nukkaamaton, Unit Price: 1,50 €, Comparison Price: 0,03 €/kpl
Product: Rainbow 40kpl Hand & Face kosteuspyyhe, Unit Price: 1,09 €, Comparison Price: 0,03 €/kpl
Product: Topz Original Make Up Pads 80pcs, Unit Price: 1,75 €, Comparison Price: 0,02 €/kpl
Product: Pepsodent Xylitol Hammastahna Fluori- ja ksylitolipitoinen 75 ml, Unit Price: 1,69 €, Comparison Price: 22,53 €/l
Product: Topz Refill Cotton Sticks 160pcs, Unit Price: 1,39 €, Comparison Price: 0,01 €/kpl
Product: Helmi muoviton vanupuikko  200 kpl, Unit Price: 2,15 €, Comparison Price: 0,01 €/kpl
Product: Änglamark puuvillavanu luomu 100 g, Unit Price: 1,60 €, Comparison Price: 16,00 €/kg
Product: Helmi iso vanulappu 50 kpl, Unit Price: 1,95 €, Comparison Price: 0,04 €/kpl
Product: Pepsodent Xylitol Hammastahna Ksylitolia sisältävä fluorihammastahna 50 ml, Unit Price: 1,19 €, Comparison Price: 23,80 €/l
Product: Pepsodent Super Fluor Hammastahna Mieto maku 50 ml, Unit Price: 1,19 €, Comparison Price: 23,80 €/l
Product: Oxygenol Muumi 50ml 3-5-vuotiaat ksylitoli fluorihammastahna, Unit Price: 2,05 €, Comparison Price: 41,00 €/l
Product: Jordan Mild fruity taste junior 6-12 vuotta lasten hammastahna 50ml, Unit Price: 2,05 €, Comparison Price: 41,00 €/l
Product: Sensodyne Original hammastahna 75 ml, Unit Price: 2,69 €, Comparison Price: 35,87 €/l
Product: Johnson's Cotton Buds vanupuikot puikko paperia 200kpl, Unit Price: 1,85 €, Comparison Price: 0,01 €/kpl
Product: Topz Cosmetics  Make Up Pads 50 pcs, Unit Price: 2,10 €, Comparison Price: 0,04 €/kpl
Product: Topz Cosmetics Make Up Sticks 100pcs, Unit Price: 1,99 €, Comparison Price: 0,02 €/kpl
Product: Best Friend Koiran kakkapussi S (18x34 cm) kantokahvoilla, kierrätysmuovia, Unit Price: 1,39 €, Comparison Price: 0,03 €/kpl
Product: Rainbow 6l kissanhiekka puupohjainen, Unit Price: 2,79 €, Comparison Price: 0,47 €/l
Product: Rainbow 30kpl kanapurutikku, makupala koiralle, Unit Price: 3,99 €, Comparison Price: 11,57 €/kg
Product: Rainbow ankkapurutikku 30kpl, Unit Price: 3,99 €, Comparison Price: 11,57 €/kg
Product: Best Friend Cattia Paakkuuntuva valkoinen kissanhiekka 10l, Unit Price: 9,39 €, Comparison Price: 0,94 €/l
Product: Best Friend Koiran kakkapussi L (21x39 cm) kantokahvoilla, kierrätysmuovia, Unit Price: 1,59 €, Comparison Price: 0,04 €/kpl
Product: Latz 12x85g AGAIL Senior Mixed lajitelma hyytelössä 4 varianttia kissanruoka, Unit Price: 4,89 €, Comparison Price: 4,79 €/kg
Product: Hau-Hau Champion Kana-ateria täysravinto 260 g, Unit Price: 1,29 €, Comparison Price: 4,96 €/kg
Product: PrimaCat Fillets Tonnikalaa vedessä 50 g, Unit Price: 0,89 €, Comparison Price: 17,80 €/kg
Product: Gourmet 85g Gold Kana Patee kissanruoka, Unit Price: 0,90 €, Comparison Price: 10,59 €/kg
Product: Gourmet 85 g Perle Gravy Delight kanaa ja grillatun kanan makuista kastiketta kissanruoka, Unit Price: 0,90 €, Comparison Price: 10,59 €/kg
Product: Hau-Hau Champion Lohiateria täysravinto 260 g, Unit Price: 1,29 €, Comparison Price: 4,96 €/kg
Product: Hau-Hau Champion Nauta-ateria täysravinto 260 g, Unit Price: 1,29 €, Comparison Price: 4,96 €/kg
Product: Latz 44x85g AGAIL Mixed lajitelma hyytelössä 4 varianttia kissanruoka, Unit Price: 15,99 €, Comparison Price: 4,28 €/kg
Product: Gourmet 85g Gold Tonnikala Mousse kissanruoka, Unit Price: 0,90 €, Comparison Price: 10,59 €/kg
Product: Best Friend Cattia Paakkuuntuva valkoinen kissanhiekka 5l, Unit Price: 5,25 €, Comparison Price: 1,05 €/l
Product: Hauska biohajoava koirankakkapussi pieni 30kpl 200x300 vihreä, Unit Price: 1,95 €, Comparison Price: 0,07 €/kpl
Product: Gourmet 85g Gold Lammasta ja Ankkaa Patee kissanruoka, Unit Price: 0,90 €, Comparison Price: 10,59 €/kg
Product: Gourmet 85g Perle Kaniinia Mini Filets kastikkeessa kissanruoka, Unit Price: 0,90 €, Comparison Price: 10,59 €/kg
Product: Dagsmark KASTIKEMIX kissoille 12 x 80g, Unit Price: 8,29 €, Comparison Price: 8,64 €/kg
Product: LATZ 6x48g Soup Farm Selection kissanruoka, Unit Price: 2,35 €, Comparison Price: 8,16 €/kg
Product: Hau-Hau Champion Lammasateria täysravinto 260 g, Unit Price: 1,29 €, Comparison Price: 4,96 €/kg
Product: Hau-Hau Champion Lihatikku 12 g, Unit Price: 0,45 €, Comparison Price: 37,50 €/kg
Product: Gourmet 85g Perle Lohta & Valkoista kalaa Seaside Duo kissanruoka, Unit Price: 0,90 €, Comparison Price: 10,59 €/kg
Product: Xtra vanupuikot 200 kpl, Unit Price: 0,47 €, Comparison Price: 0,01 €/kpl
Product: Bliw Sensitive täyttöpussi nestesaippua 600ml, Unit Price: 2,65 €, Comparison Price: 4,42 €/l
Product: Lifehair Lacto line 500 ml hajustamaton pesuneste, Unit Price: 2,59 €, Comparison Price: 5,18 €/l
Product: Family Fresh Creamy Berry shower cream suihkusaippua 500ml, Unit Price: 1,79 €, Comparison Price: 3,58 €/l
Product: Bliw Mustikka täyttöpussi nestesaippua 600ml, Unit Price: 2,65 €, Comparison Price: 4,42 €/l
Product: Ilo Nestesaippua 3 L Omena, Unit Price: 2,99 €, Comparison Price: 1,00 €/l
Product: York pesusieni, Unit Price: 0,99 €, Comparison Price: 
Product: Bliw Puna-apila&vadelma täyttöpussi nestesaippua 600ml, Unit Price: 2,65 €, Comparison Price: 4,42 €/l
Product: Dove  Original Palasaippua  sisältää 1/4 kosteusvoidetta   1 kpl, Unit Price: 1,25 €, Comparison Price: 13,89 €/kg
Product: LV 100g palasaippua, Unit Price: 1,65 €, Comparison Price: 16,50 €/kg
Product: Bliw Keittiö Villitimjami & Lime pumppupullo nestesaippua 300ml, Unit Price: 1,85 €, Comparison Price: 6,17 €/l
Product: Bliw Mansikkapaikka täyttöpussi nestesaippua 600ml, Unit Price: 2,65 €, Comparison Price: 4,42 €/l
Product: Palmolive Naturals Olive & Milk suihkusaippua 250 ml, Unit Price: 1,89 €, Comparison Price: 7,56 €/l
Product: Family Fresh Aloe Care 2-in-1 shower & shampoo shampoo- ja suihkusaippua 500ml, Unit Price: 1,79 €, Comparison Price: 3,58 €/l
Product: Ilo Nestesaippua 3 L Hajusteeton, Unit Price: 2,99 €, Comparison Price: 1,00 €/l
Product: Proclean kotimainen pesusieni, Unit Price: 2,09 €, Comparison Price: 
Product: Mayeri 3l Cotton Flowers nestesaippua, Unit Price: 2,89 €, Comparison Price: 0,96 €/l
Product: Mayeri 3l Green Apple nestesaippua, Unit Price: 2,89 €, Comparison Price: 0,96 €/l
Product: Bliw Marjametsä pumppupullo nestesaippua 300ml, Unit Price: 1,85 €, Comparison Price: 6,17 €/l
Product: Dove Deeply Nourishing Refill Nestesaippua Kosteuttava käsisaippua 500 ml, Unit Price: 1,99 €, Comparison Price: 3,98 €/l
Product: Bliw Omenankukka pumppupullo nestesaippua 300ml, Unit Price: 1,90 €, Comparison Price: 6,33 €/l
Product: Family Fresh Classic 3in1 Body Hair Face shower gel suihkugeeli 500ml, Unit Price: 1,79 €, Comparison Price: 3,58 €/l
Product: Bliw Keittiö Villitimjami & Lime täyttöpussi nestesaippua 600ml, Unit Price: 2,65 €, Comparison Price: 4,42 €/l
Product: Palmolive Naturals Milk & Honey suihkusaippua 250 ml, Unit Price: 1,89 €, Comparison Price: 7,56 €/l
Product: Rexona Sport palasaippua 2x125g, Unit Price: 2,55 €, Comparison Price: 10,20 €/kg
Product: Rainbow vanutyynyt nukkaamaton 100% puuvillaa 80kpl, Unit Price: 1,40 €, Comparison Price: 0,02 €/kpl
Product: Rainbow 50kpl Maxi-vanutyynyt nukkaamaton, Unit Price: 1,50 €, Comparison Price: 0,03 €/kpl
Product: Xtra vanutyynyt 120 kpl, Unit Price: 0,72 €, Comparison Price: 0,01 €/kpl
Product: Änglamark vanulappu  luomu 60 kpl, Unit Price: 1,19 €, Comparison Price: 0,02 €/kpl
Product: Helmi muoviton vanupuikko  200 kpl, Unit Price: 1,89 €, Comparison Price: 0,01 €/kpl
Product: Oululainen Reilu Vehnä 500g, vehnäleipä, Unit Price: 1,89 €, Comparison Price: 3,78 €/kg
Product: Topz Cosmetics Make Up Sticks 100pcs, Unit Price: 1,99 €, Comparison Price: 0,02 €/kpl
Product: Änglamark puuvillavanu luomu 100 g, Unit Price: 1,60 €, Comparison Price: 16,00 €/kg
Product: Rainbow vanupuikot 300 kpl, Unit Price: 1,75 €, Comparison Price: 0,01 €/kpl
Product: Topz Original Make Up Pads 80pcs, Unit Price: 1,75 €, Comparison Price: 0,02 €/kpl
Product: Johnson's Cotton Buds vanupuikot puikko paperia 200kpl, Unit Price: 1,85 €, Comparison Price: 0,01 €/kpl
Product: Helmi iso vanulappu 50 kpl, Unit Price: 1,95 €, Comparison Price: 0,04 €/kpl
Product: Topz Cosmetics  Make Up Pads 50 pcs, Unit Price: 2,10 €, Comparison Price: 0,04 €/kpl
Product: Helmi pyöreä vanulappu 100 kpl, Unit Price: 2,10 €, Comparison Price: 0,02 €/kpl
Product: Topz Refill Cotton Sticks 160pcs, Unit Price: 1,39 €, Comparison Price: 0,01 €/kpl
Product: Fazer Alku Mustikkapiirakka granola 375 g, Unit Price: 5,19 €, Comparison Price: 13,84 €/kg
Product: KitKat 330g kaakaomurot, Unit Price: 4,09 €, Comparison Price: 12,39 €/kg
Product: Fazer Alku Kuningatar kauramuro 400 g, Unit Price: 5,49 €, Comparison Price: 13,73 €/kg
Product: Fazer Alku Mansikka & kaakao granola 375 g, Unit Price: 5,19 €, Comparison Price: 13,84 €/kg
Product: Fazer Alku Kaakaotähdet täysjyvämuro 400 g, Unit Price: 3,95 €, Comparison Price: 9,88 €/kg
Product: Paulúns mulperimarja, mansikka ja kardemumma granola muromysli 450g, Unit Price: 5,49 €, Comparison Price: 12,20 €/kg
Product: Fazer Alku Mansikka kauramuro 400 g, Unit Price: 5,49 €, Comparison Price: 13,73 €/kg
Product: KELLOGG'S Corn Flakes 750g, Unit Price: 5,99 €, Comparison Price: 7,99 €/kg
Product: KELLOGG'S Tresor Choco Roulette 375g, Unit Price: 4,35 €, Comparison Price: 11,60 €/kg
Product: KELLOGG'S Smacks 330g, Unit Price: 3,99 €, Comparison Price: 12,09 €/kg
Product: KELLOGG'S Tresor Cookies & Cream 375g, Unit Price: 4,35 €, Comparison Price: 11,60 €/kg
Product: KELLOGG'S Coco Pops Loops 285g, Unit Price: 3,99 €, Comparison Price: 14,00 €/kg
Product: Coop Sitruuna, Unit Price: 0,51 €, Comparison Price: 2,49 €/kg
Product: Sheba Kitten Kana ja Lohi kastikkeessa annospussi 12x85g, Unit Price: 8,95 €, Comparison Price: 8,77 €/kg
Product: 24 x Sandels 4,7 % olut 0,33 l tlk salkku, Unit Price: 30,96 €, Comparison Price: 3,45 €/l
Product: Chiquita banaani, Unit Price: 0,33 €, Comparison Price: 1,89 €/kg
Product: Coop banaani, Unit Price: 0,28 €, Comparison Price: 1,69 €/kg
Product: Reilun kaupan Banaani Luomu, Unit Price: 0,47 €, Comparison Price: 2,49 €/kg
Product: Banaani luomu, Unit Price: 0,40 €, Comparison Price: 2,09 €/kg
Product: Best Friend Naturals kanafileesuikale 225 g, Unit Price: 2,44 €, Comparison Price: 10,84 €/kg
Product: Oscar Nauta-porkkanaherkku 100 g, Unit Price: 1,74 €, Comparison Price: 17,40 €/kg
Product: Best Friend Naturals kanakuutio 225 g, Unit Price: 2,44 €, Comparison Price: 10,84 €/kg
Product: Best Friend Naturals ankkafilee 200 g, Unit Price: 2,44 €, Comparison Price: 12,20 €/kg
Product: Best Friend Naturals kanafilee 225 g, Unit Price: 2,44 €, Comparison Price: 10,84 €/kg
Product: Oscar Possu-mustikkaherkku 100 g, Unit Price: 1,74 €, Comparison Price: 17,40 €/kg
Product: Oscar Kana-puolukkaherkku 100 g, Unit Price: 1,74 €, Comparison Price: 17,40 €/kg
Product: Hau-Hau Champion Mehevä Tanko Kalkkunaa & Riistaa herkku 140 g, Unit Price: 2,49 €, Comparison Price: 17,79 €/kg
Product: Best Friend Nordic Hevonen Hypoallergenic-rouheluu 12cm 4kpl 60g, Unit Price: 4,99 €, Comparison Price: 83,17 €/kg
Product: Oscar Hirveä tikku puruherkku 60 g (3 kpl), koirille, Unit Price: 5,90 €, Comparison Price: 98,33 €/kg
Product: Oscar Hirveä nyytti puruherkku 80 g (2 kpl), koirille, Unit Price: 2,15 €, Comparison Price: 26,88 €/kg
Product: Hau-Hau Champion Hammastanko 7 kpl 200 g, Unit Price: 2,89 €, Comparison Price: 14,45 €/kg
Product: Hau-Hau Champion Mehevä Tanko Kanaa herkku 400 g, Unit Price: 6,59 €, Comparison Price: 16,47 €/kg
Product: Pedigree DentaStix Chewy Chunx mini Kanaa 68g, Unit Price: 2,15 €, Comparison Price: 31,62 €/kg
Product: Hau-Hau Champion Mehevä Lantti Nautaa herkku 140 g, Unit Price: 2,49 €, Comparison Price: 17,79 €/kg
Product: Best Friend Naturals ankkafilee 80 g, Unit Price: 1,95 €, Comparison Price: 24,38 €/kg
Product: Hau-Hau Champion Mehevä Lantti Kanaa herkku 140 g, Unit Price: 2,49 €, Comparison Price: 17,79 €/kg
Product: Vitakraft Pihvitikku Lammas 12g, Unit Price: 0,75 €, Comparison Price: 62,50 €/kg
Product: Oscar Kankea nauta puruherkku 70 g (1 kpl), koirille, Unit Price: 2,15 €, Comparison Price: 30,71 €/kg
Product: Best Friend Naturals kanalempiherkku 225 g, Unit Price: 4,89 €, Comparison Price: 21,73 €/kg
Product: Hau-Hau Champion Mehevä Tanko Kanaa & Kalaa herkku 140 g, Unit Price: 2,49 €, Comparison Price: 17,79 €/kg
Product: Best Friend Naturals kanalempiherkku 80 g, Unit Price: 1,95 €, Comparison Price: 24,38 €/kg
Product: Hau-Hau Champion Mehevä Ruutu Nautaa herkku 140 g, Unit Price: 2,49 €, Comparison Price: 17,79 €/kg
Product: Hau-Hau Champion Mehevä Ruutu Kanaa herkku 140 g, Unit Price: 2,49 €, Comparison Price: 17,79 €/kg
Product: HK Ohuen ohut Kalkkunanfilee 300 g, Unit Price: 3,99 €, Comparison Price: 13,30 €/kg
Product: Rummo Spaghetti no 3 500g, Unit Price: 2,29 €, Comparison Price: 4,58 €/kg
Product: Plackers Gentle Brush Hammasväliharja XL 0,8mm 6 kpl, Unit Price: 3,69 €, Comparison Price: 0,62 €/kpl
Product: Avokado Hass Esikypsytetty, Unit Price: 1,40 €, Comparison Price: 6,99 €/kg
Product: Rainbow avokado 800g, Unit Price: 3,89 €, Comparison Price: 4,86 €/kg
Product: Avokado pakattu 400 g, Unit Price: 0,99 €, Comparison Price: 2,47 €/kg
Product: Avokado 300g Luomu, Unit Price: 3,59 €, Comparison Price: 11,97 €/kg
Product: Aroma Ilmanraikastin Wood Bubble Gum, Unit Price: 2,50 €, Comparison Price: 
Product: Kotimaista kevytmaito 1 L, Unit Price: 0,89 €, Comparison Price: 0,89 €/l
Product: Kotimaista rasvaton maito 1l, Unit Price: 0,79 €, Comparison Price: 0,79 €/l
Product: Kotimaista vapaan kanan munat M10 580g, Unit Price: 2,09 €, Comparison Price: 3,60 €/kg
Product: Kotimaista laktoositon kevytmaitojuoma 1 L, Unit Price: 1,25 €, Comparison Price: 1,25 €/l
Product: Kotimaista kermaviili 6 % laktoositon 200 g, Unit Price: 0,45 €, Comparison Price: 2,25 €/kg
Product: Kotimaista isot vapaan kanan munat L15 1020 g, Unit Price: 3,79 €, Comparison Price: 3,72 €/kg
Product: Kotimaista täysmaito 1l, Unit Price: 1,19 €, Comparison Price: 1,19 €/l
Product: Kotimaista laktoositon 1 L rasvaton maitojuoma, Unit Price: 1,25 €, Comparison Price: 1,25 €/l
Product: Arla 1,5 L rasvaton maito Suomesta, Unit Price: 1,40 €, Comparison Price: 0,93 €/l
Product: Valio Hyvä suomalainen Arki® kevytmaitojuoma 1,75 l, Unit Price: 1,55 €, Comparison Price: 0,89 €/l
Product: Arla 1,5 L Suomesta kevytmaito, Unit Price: 1,59 €, Comparison Price: 1,06 €/l
Product: Kotimaista 2dl laktoositon ESL 35% kuohukerma, Unit Price: 1,15 €, Comparison Price: 5,75 €/l
Product: Valio vapaan lehmän kevytmaito 1 l, Unit Price: 1,25 €, Comparison Price: 1,25 €/l
Product: Valio vapaan lehmän rasvaton maito 1 l, Unit Price: 1,19 €, Comparison Price: 1,19 €/l
Product: Kotimaista Ruokakerma 15% UHT laktoositon 2 dl, Unit Price: 0,49 €, Comparison Price: 2,45 €/l
Product: Kotimaista kermaviili 12 % vähälaktoosinen 200 g, Unit Price: 0,55 €, Comparison Price: 2,75 €/kg
Product: Kotimaista 2dl ESL 35% kuohukerma, Unit Price: 1,15 €, Comparison Price: 5,75 €/l
Product: Valio pehmeä maitorahka 250 g, Unit Price: 0,89 €, Comparison Price: 3,56 €/kg
Product: Xtra kananmunat M15 855 g, Unit Price: 2,55 €, Comparison Price: 2,98 €/kg
Product: Arla 5 dl kevytmaito Suomi ESL, Unit Price: 0,92 €, Comparison Price: 1,84 €/l
Product: Oddlygood® Barista kaurajuoma 1 l UHT gluteeniton, Unit Price: 1,99 €, Comparison Price: 1,99 €/l
Product: Juustoportti Vapaan lehmän rasvaton maito 1 l, Unit Price: 1,49 €, Comparison Price: 1,49 €/l
Product: Valio Hyvä suomalainen Arki® kevytmaitojuoma 1 l, Unit Price: 0,89 €, Comparison Price: 0,89 €/l
Product: Oatly iKaffe kaurajuoma 1L, Unit Price: 1,99 €, Comparison Price: 1,99 €/l
Product: Valio vapaan lehmän kevytmaito 1 l, Unit Price: 0,98 €, Comparison Price: 0,98 €/l
Product: Pepsodent Professional Anti-cavity Hammastahna tehokkaaseen hampaiden hoitoon 75 ml, Unit Price: 3,79 €, Comparison Price: 50,53 €/l
Product: Nauta-sikajauheliha (50/50), Unit Price: 12,50 €, Comparison Price: 
Product: Filos original kreikkalainen fetajuusto p.d.o. 2 x 75g, Unit Price: 3,15 €, Comparison Price: 21,00 €/kg
Product: S-kestokassi pieni 36 x 35 x 18 cm, Unit Price: 0,90 €, Comparison Price: 
Product: Xtra Spaghetti 1kg, Unit Price: 0,39 €, Comparison Price: 
Product: Fazer Leipurit Leipurimestarin kaurasämpylä kg, Unit Price: 0,90 €, Comparison Price: 11,99 €/kg
Product: Kotimaista gluteeniton kaurahiutale 500 g, Unit Price: 1,29 €, Comparison Price: 2,58 €/kg
Product: Pet First 8710501 jälkiliina 20mm x 10m, Unit Price: 8,49 €, Comparison Price: 
Product: Best Friend #Pawsome Barker koiran Y-valjas S, 5-15 kg, 50-65 cm, lajitelma, Unit Price: 21,90 €, Comparison Price: 
Product: Camon valjaat ja talutin kissanpennulle, Unit Price: 9,49 €, Comparison Price: 
Product: Best Friend #Pawsome Barker koiran Y-valjas M, 15-25 kg, 60-90 cm, lajitelma, Unit Price: 23,90 €, Comparison Price: 
Product: CAMON Kangasvaljas M Pinkki, Unit Price: 15,49 €, Comparison Price: 
Product: Camon koiran valjaat pinkki S, Unit Price: 13,49 €, Comparison Price: 
Product: Camon koiran valjaat pinkki XS, Unit Price: 12,49 €, Comparison Price: 
Product: Best Friend TIE Maakoukku ja juoksuvaijeri 12 m, Unit Price: 15,49 €, Comparison Price: 
Product: Hurtta Casual Y-valjas 55 cm korppi, Unit Price: 17,45 €, Comparison Price: 
Product: Hurtta Casual Y-valjas 70 cm korppi, Unit Price: 17,45 €, Comparison Price: 
Product: Hurtta Casual Y-valjas 60 cm korppi, Unit Price: 17,45 €, Comparison Price: 
Product: Best Friend Koiran kaksipuolinen huomioliivi L, Unit Price: 13,90 €, Comparison Price: 
Product: Best Friend Koiran kaksipuolinen huomioliivi M, Unit Price: 13,90 €, Comparison Price: 
Product: Best Friend Koiran kaksipuolinen huomioliivi S, Unit Price: 13,90 €, Comparison Price: 
Product: Kotimaista Kirsikkatomaatti 250g, Unit Price: 1,99 €, Comparison Price: 7,96 €/kg
Product: Kotimaista kaurahiutale 1 kg, Unit Price: 1,29 €, Comparison Price: 1,29 €/kg
Product: Elovena 1kg täysjyvä kaurahiutale, Unit Price: 2,35 €, Comparison Price: 2,35 €/kg
Product: Kotimaista luomu kaurahiutale 850 g, Unit Price: 0,99 €, Comparison Price: 1,16 €/kg
Product: Kotimaista pikakaurahiutale 750 g, Unit Price: 1,12 €, Comparison Price: 1,49 €/kg
Product: Coop crunchy granola mansikka ja jogurtti 725 g, Unit Price: 3,49 €, Comparison Price: 4,81 €/kg
Product: Nalle 500g pikakaurahiutaleita, Unit Price: 1,45 €, Comparison Price: 2,90 €/kg
Product: Kotimaista gluteeniton kaurahiutale 500 g, Unit Price: 1,29 €, Comparison Price: 2,58 €/kg
Product: Xtra Pikakaurahiutale 500 g, Unit Price: 0,39 €, Comparison Price: 0,78 €/kg
Product: Elovena 2kg täysjyväkaurahiutale, Unit Price: 4,55 €, Comparison Price: 2,28 €/kg
Product: Myllyn Paras Iso Kaurahiutale 1 kg, Unit Price: 2,79 €, Comparison Price: 2,79 €/kg
Product: Fazer Alku Maistuvampi kaurapuuro 500 g, Unit Price: 1,95 €, Comparison Price: 3,90 €/kg
Product: Myllyn Paras Kaurahiutale 1kg, Unit Price: 2,19 €, Comparison Price: 2,19 €/kg
Product: Kotimaista Kaurahiutale ja kuitu 800 g, Unit Price: 1,85 €, Comparison Price: 2,31 €/kg
Product: Elovena 900g luomu täysjyväkaurahiutale, Unit Price: 3,85 €, Comparison Price: 4,28 €/kg
Product: Start Naturell granola 750g, Unit Price: 4,89 €, Comparison Price: 6,52 €/kg
Product: Kotimaista 4 Viljan hiutale 750 g, Unit Price: 1,23 €, Comparison Price: 1,64 €/kg
Product: Kotimaista hedelmämysli 1 kg, Unit Price: 4,25 €, Comparison Price: 4,25 €/kg
Product: Fazer Alku Kaurasydän kauramuro 400 g, Unit Price: 3,99 €, Comparison Price: 9,98 €/kg
Product: Finax Mysli Pähkinä & Hedelmä 650g, Unit Price: 3,35 €, Comparison Price: 5,15 €/kg
Product: Elovena 700g täysjyväkaurahiutaleita ja kauraleseitä, Unit Price: 4,09 €, Comparison Price: 5,84 €/kg
Product: Myllärin Luomu Iso Täysjyväkaurahiutale 600 g, Unit Price: 2,25 €, Comparison Price: 3,75 €/kg
Product: Elovena 350g täysjyväkauramuro, Unit Price: 4,89 €, Comparison Price: 13,97 €/kg
Product: Rainbow 300g kaakaomuro, Unit Price: 1,39 €, Comparison Price: 4,63 €/kg
Product: Rainbow Cocoa Pillows suklaatyynymuro 375 g, Unit Price: 1,68 €, Comparison Price: 4,48 €/kg
Product: Kotimaista Riisipuuro 300g, Unit Price: 1,15 €, Comparison Price: 3,83 €/kg
Product: Saarioinen Riisipuuro 300g, Unit Price: 1,89 €, Comparison Price: 6,30 €/kg
Product: Saarioinen Vispipuuro 300g, Unit Price: 1,65 €, Comparison Price: 5,50 €/kg
Product: Saarioinen Laktoositon riisipuuro 270g, Unit Price: 1,89 €, Comparison Price: 7,00 €/kg
Product: Kokkikartano Riisipuuro 300g, Unit Price: 2,15 €, Comparison Price: 7,17 €/kg
Product: Saarioinen Vispipuuro 450g, Unit Price: 2,49 €, Comparison Price: 5,53 €/kg
Product: Kotimaista Vispipuuro 400g, Unit Price: 1,65 €, Comparison Price: 4,12 €/kg
Product: Saarioinen Mannapuuro 300g, Unit Price: 1,89 €, Comparison Price: 6,30 €/kg
Product: Saarioinen Luomu Speltti-kaurarouhepuuro 270g, Unit Price: 1,89 €, Comparison Price: 7,00 €/kg
Product: HoviRuoka 300g Riisipuuro laktoositon, Unit Price: 1,55 €, Comparison Price: 5,17 €/kg
Product: Saarioinen Ohrapuuro 300g, Unit Price: 1,89 €, Comparison Price: 6,30 €/kg
Product: Saarioinen Aprikoosivispipuuro 300g, Unit Price: 1,75 €, Comparison Price: 5,83 €/kg
Product: HoviRuoka 300g Vege Riisipuuro, Unit Price: 1,55 €, Comparison Price: 5,17 €/kg
Product: Kotimaista mannapuuro 300 g, Unit Price: 1,59 €, Comparison Price: 5,30 €/kg
Product: Saarioinen Ruismarjapuuro 400g, Unit Price: 3,29 €, Comparison Price: 8,23 €/kg
Product: Riitan Herkku Puolukkavispipuuro 150g, Unit Price: 0,89 €, Comparison Price: 5,93 €/kg
Product: Saarioinen Vispis vadelma, vaahdotettu vadelmavälipala 130g, Unit Price: 1,69 €, Comparison Price: 13,00 €/kg
Product: Saarioinen Moniviljapuuro 270g, Unit Price: 1,89 €, Comparison Price: 7,00 €/kg
Product: Herkku Classics Vispipuuro 300g, Unit Price: 3,95 €, Comparison Price: 13,17 €/kg
Product: Kokkikartano Mannapuuro 300g, Unit Price: 2,15 €, Comparison Price: 7,17 €/kg
Product: Hannan Gluteenittomat Herkut Vispipuuro 300g, Unit Price: 4,79 €, Comparison Price: 15,97 €/kg
Product: Saarioinen Vispis puolukka, vaahdotettu puolukkavälipala 130g, Unit Price: 1,69 €, Comparison Price: 13,00 €/kg
Product: Kokkikartano Suklaapuuro 250g, Unit Price: 2,15 €, Comparison Price: 8,60 €/kg
Product: Saarioinen Kolmen kauran puuro 270g, Unit Price: 1,89 €, Comparison Price: 7,00 €/kg
Product: Pedigree DentaStix Chewy Chunx mini Kanaa 68g, Unit Price: 2,15 €, Comparison Price: 31,62 €/kg
Product: Coop crunchy granola mansikka ja jogurtti 725 g, Unit Price: 3,49 €, Comparison Price: 4,81 €/kg
Product: Start Naturell granola 750g, Unit Price: 4,89 €, Comparison Price: 6,52 €/kg
Product: Kotimaista hedelmämysli 1 kg, Unit Price: 4,25 €, Comparison Price: 4,25 €/kg
Product: Finax Mysli Pähkinä & Hedelmä 650g, Unit Price: 3,35 €, Comparison Price: 5,15 €/kg
Product: Coop mysli hedelmä & pähkinä 750 g, Unit Price: 3,95 €, Comparison Price: 5,27 €/kg
Product: Myllärin Paratiisi Mysli 450 g, Unit Price: 3,55 €, Comparison Price: 7,89 €/kg
Product: Finax Hedelmää 45 % mysli 650 g, Unit Price: 3,35 €, Comparison Price: 5,15 €/kg
Product: Rainbow 700g hedelmä-siemenmysli, Unit Price: 4,49 €, Comparison Price: 6,41 €/kg
Product: Myllärin Hedelmä Mysli 750 g, Unit Price: 4,79 €, Comparison Price: 6,39 €/kg
Product: AXA Granola Hassel- & Cashewpähkinä 475g, Unit Price: 4,25 €, Comparison Price: 8,95 €/kg
Product: Coop crunchy granola vadelma ja mansikka 500 g, Unit Price: 3,39 €, Comparison Price: 6,78 €/kg
Product: Paulúns kaakao ja vadelma granola muromysli 450g, Unit Price: 5,49 €, Comparison Price: 12,20 €/kg
Product: Paulúns hasselpähkinä ja taateli granola muromysli 450g, Unit Price: 5,49 €, Comparison Price: 12,20 €/kg
Product: Fazer Alku Omenainen granola 375 g, Unit Price: 4,49 €, Comparison Price: 11,97 €/kg
Product: Xtra granola natural 750 g, Unit Price: 2,79 €, Comparison Price: 3,72 €/kg
Product: Fazer Alku Kotipuutarhamysli 375 g, Unit Price: 4,99 €, Comparison Price: 13,31 €/kg
Product: Alpen 560g makeuttamaton mysli, Unit Price: 4,19 €, Comparison Price: 7,48 €/kg
Product: AXA Granola Mansikka & Auringonkukansiemenet 475g, Unit Price: 4,25 €, Comparison Price: 8,95 €/kg
Product: Finax Mysli Mansikka & Meloni 650 g, Unit Price: 3,35 €, Comparison Price: 5,15 €/kg
Product: Coop crunchy granola omena ja kaneli 500 g, Unit Price: 2,95 €, Comparison Price: 5,90 €/kg
Product: AXA Granola Natural 500g, Unit Price: 4,25 €, Comparison Price: 8,50 €/kg
Product: Myllärin Gluteeniton Tropical Mysli 350 g, Unit Price: 2,95 €, Comparison Price: 8,43 €/kg
Product: AXA Müsli Gold Original 750 g, Unit Price: 4,89 €, Comparison Price: 6,52 €/kg
Product: Sysmän Omena-Karpalo Luomumysli 400g, Unit Price: 4,19 €, Comparison Price: 10,48 €/kg
Product: Valio Keittiön salaattijuustomuru e150 g laktoositon, Unit Price: 2,49 €, Comparison Price: 16,60 €/kg
Product: Latz 12x85g AGAIL Senior Mixed lajitelma hyytelössä 4 varianttia kissanruoka, Unit Price: 4,89 €, Comparison Price: 4,79 €/kg
Product: PrimaCat Fillets Tonnikalaa vedessä 50 g, Unit Price: 0,89 €, Comparison Price: 17,80 €/kg
Product: Gourmet 85g Gold Kana Patee kissanruoka, Unit Price: 0,90 €, Comparison Price: 10,59 €/kg
Product: Gourmet 85 g Perle Gravy Delight kanaa ja grillatun kanan makuista kastiketta kissanruoka, Unit Price: 0,90 €, Comparison Price: 10,59 €/kg
Product: Latz 44x85g AGAIL Mixed lajitelma hyytelössä 4 varianttia kissanruoka, Unit Price: 15,99 €, Comparison Price: 4,28 €/kg
Product: Gourmet 85g Gold Tonnikala Mousse kissanruoka, Unit Price: 0,90 €, Comparison Price: 10,59 €/kg
Product: Gourmet 85g Perle Kaniinia Mini Filets kastikkeessa kissanruoka, Unit Price: 0,90 €, Comparison Price: 10,59 €/kg
Product: Gourmet 85g Gold Lammasta ja Ankkaa Patee kissanruoka, Unit Price: 0,90 €, Comparison Price: 10,59 €/kg
Product: Dagsmark KASTIKEMIX kissoille 12 x 80g, Unit Price: 8,29 €, Comparison Price: 8,64 €/kg
Product: LATZ 6x48g Soup Farm Selection kissanruoka, Unit Price: 2,35 €, Comparison Price: 8,16 €/kg
Product: Gourmet 85g Perle Lohta & Valkoista kalaa Seaside Duo kissanruoka, Unit Price: 0,90 €, Comparison Price: 10,59 €/kg
Product: Gourmet 85g Perle Lohta Mini Filets kastikkeessa kissanruoka, Unit Price: 0,90 €, Comparison Price: 10,59 €/kg
Product: LATZ 6x48g Soup Fish Selection kissanruoka, Unit Price: 2,35 €, Comparison Price: 8,16 €/kg
Product: Gourmet 85g Perle Kanaa Mini Filets kastikkeessa kissanruoka, Unit Price: 0,90 €, Comparison Price: 10,59 €/kg
Product: Latz Agail 12x85g Countryside lajitelma hyytelössä 4 varianttia kissanruoka, Unit Price: 4,89 €, Comparison Price: 4,79 €/kg
Product: Gourmet 85 g Perle Gravy Delight tonnikalaa ja meren herkkujen makuista kastiketta kissanruoka, Unit Price: 0,90 €, Comparison Price: 10,59 €/kg
Product: Almo Nature HFC Natural Atlantin tonnikala kissan täydennysravinto 70 g, Unit Price: 1,39 €, Comparison Price: 19,86 €/kg
Product: PrimaCat Fillets Kanaa vedessä 50 g, Unit Price: 0,89 €, Comparison Price: 17,80 €/kg
Product: Gourmet 85g Gold Lohi Mousse kissanruoka, Unit Price: 0,90 €, Comparison Price: 10,59 €/kg
Product: Gourmet 85g Gold Lohta ja Kanaa Kastikkeessa kissanruoka, Unit Price: 0,90 €, Comparison Price: 10,59 €/kg
Product: Gourmet 85g Perle Kanaa & Nautaa Delicate Meats Duo kissanruoka, Unit Price: 0,90 €, Comparison Price: 10,59 €/kg
Product: Sheba Selection Lohi 85g, Unit Price: 1,10 €, Comparison Price: 12,94 €/kg
Product: Latz Sensations Crunchy 10x85g+40g Fish lajitelma hyytelössä 4 varianttia kissanruoka, Unit Price: 4,89 €, Comparison Price: 5,49 €/kg
Product: PrimaCat Fillets Kanaa vedessä & Tonnikalaa vedessä 4 x 50 g, Unit Price: 3,39 €, Comparison Price: 16,95 €/kg
Product: Oululainen Reilu Täysjyvä 550g, täysjyväleipä, Unit Price: 1,89 €, Comparison Price: 3,44 €/kg
Product: Red Bull Peach Edition 250ml, Unit Price: 1,89 €, Comparison Price: 6,96 €/l
Product: Oululainen Reissumies Tosi Tumma 8kpl 560g, täysjyväruisleipä, Unit Price: 1,99 €, Comparison Price: 3,55 €/kg
Product: Hartwall Original Long Drink Pineapple 5,5% 0,5 l, Unit Price: 4,39 €, Comparison Price: 8,48 €/l
Product: Nalle 500g pikakaurahiutaleita, Unit Price: 1,45 €, Comparison Price: 2,90 €/kg
Product: Xtra vehnäjauho 2 kg, Unit Price: 0,89 €, Comparison Price: 0,45 €/kg
Product: Valio vapaan lehmän rasvaton maito 1 l, Unit Price: 1,08 €, Comparison Price: 1,08 €/l
Product: Kotimaista kaurahiutale 1 kg, Unit Price: 1,29 €, Comparison Price: 1,29 €/kg
Product: Elovena 1kg täysjyvä kaurahiutale, Unit Price: 2,35 €, Comparison Price: 2,35 €/kg
Product: Kotimaista luomu kaurahiutale 850 g, Unit Price: 0,99 €, Comparison Price: 1,16 €/kg
Product: Kotimaista gluteeniton kaurahiutale 500 g, Unit Price: 1,29 €, Comparison Price: 2,58 €/kg
Product: Elovena 2kg täysjyväkaurahiutale, Unit Price: 4,55 €, Comparison Price: 2,28 €/kg
Product: Myllyn Paras Iso Kaurahiutale 1 kg, Unit Price: 2,79 €, Comparison Price: 2,79 €/kg
Product: Fazer Alku Maistuvampi kaurapuuro 500 g, Unit Price: 1,95 €, Comparison Price: 3,90 €/kg
Product: Myllyn Paras Kaurahiutale 1kg, Unit Price: 2,19 €, Comparison Price: 2,19 €/kg
Product: Kotimaista Kaurahiutale ja kuitu 800 g, Unit Price: 1,85 €, Comparison Price: 2,31 €/kg
Product: Elovena 900g luomu täysjyväkaurahiutale, Unit Price: 3,85 €, Comparison Price: 4,28 €/kg
Product: Elovena 700g täysjyväkaurahiutaleita ja kauraleseitä, Unit Price: 4,09 €, Comparison Price: 5,84 €/kg
Product: Myllärin Luomu Iso Täysjyväkaurahiutale 600 g, Unit Price: 2,25 €, Comparison Price: 3,75 €/kg
Product: Myllärin Luomu Kuituinen Kaurahiutale 650 g, Unit Price: 1,95 €, Comparison Price: 3,00 €/kg
Product: Elovena 500g gluteeniton luomu täysjyväkaurahiutale, Unit Price: 2,99 €, Comparison Price: 5,98 €/kg
Product: Elovena 900g iso täysjyväkaurahiutale, Unit Price: 3,75 €, Comparison Price: 4,17 €/kg
Product: Kinnarin Tila kaurahiutaleet 1kg, Unit Price: 4,59 €, Comparison Price: 4,59 €/kg
Product: Fazer Alku Kaurahiutale 900 g, Unit Price: 2,09 €, Comparison Price: 2,32 €/kg
Product: Fazer Alku Kaurakuitu & pellava puuro 500 g, Unit Price: 2,45 €, Comparison Price: 4,90 €/kg
Product: Myllyn Paras Kaurahiutale 2,5kg, Unit Price: 5,25 €, Comparison Price: 2,10 €/kg
Product: Myllärin Gluteeniton Iso Kaurahiutale 400 g, Unit Price: 1,99 €, Comparison Price: 4,97 €/kg
Product: Nalle 750g kuntokaura täysjyväkaurahiutale ja vehnälese, Unit Price: 3,49 €, Comparison Price: 4,65 €/kg
Product: URTEKRAM Luomu Gluteeniton Kaurahiutale 700g, Unit Price: 3,55 €, Comparison Price: 5,07 €/kg
Product: Elovena 500g gluteeniton iso täysjyväkaurahiutale, Unit Price: 2,99 €, Comparison Price: 5,98 €/kg
Product: Myllärin Pikakaurahiutale 2.0 500 g, Unit Price: 1,29 €, Comparison Price: 2,58 €/kg
Product: Felix chili-aioli salaattikastike 375g, Unit Price: 2,79 €, Comparison Price: 7,44 €/kg
Product: Kotimaista kermaviili 12 % vähälaktoosinen 200 g, Unit Price: 0,45 €, Comparison Price: 2,25 €/kg
Product: Fazer Leipurit cashew-karpalociabatta kg vehnäsämpylä, Unit Price: 1,00 €, Comparison Price: 13,39 €/kg
Product: Fazer Leipurit Leipurimestarin kaurasämpylä kg, Unit Price: 0,90 €, Comparison Price: 11,99 €/kg
Product: Fazer Leipurit Pehmeä aamiaissämpylä jyväisä 5kpl, Unit Price: 3,49 €, Comparison Price: 9,31 €/kg
Product: Fazer Leipurit Pehmeä aamiaissämpylä Juusto 5kpl, Unit Price: 3,89 €, Comparison Price: 10,37 €/kpl
Product: Siemensämpylä, Unit Price: 1,49 €, Comparison Price: 18,63 €/kg
Product: AARRE Gluteeniton halkaistu 100% kaurasämpylä, Unit Price: 4,65 €, Comparison Price: 19,38 €/kg
Product: Juustoportti Luomu Halla 150 g paistettava juusto, Unit Price: 3,95 €, Comparison Price: 26,33 €/kg
Product: Olympus Salaattijuusto laktoositon 150g, Unit Price: 1,79 €, Comparison Price: 11,93 €/kg
Product: Kotimaista pikakaurahiutale 750 g, Unit Price: 1,12 €, Comparison Price: 1,49 €/kg
Product: Nalle 500g pikakaurahiutaleita, Unit Price: 1,45 €, Comparison Price: 2,90 €/kg
Product: Xtra Pikakaurahiutale 500 g, Unit Price: 0,39 €, Comparison Price: 0,78 €/kg
Product: Kotimaista luomu pikakaurahiutale 500 g, Unit Price: 1,35 €, Comparison Price: 2,70 €/kg
Product: Myllyn Paras Pikakaura+Kuitu Hiutale 500 g, Unit Price: 1,95 €, Comparison Price: 3,90 €/kg
Product: Myllyn Paras Pikakaurahiutale 500g, Unit Price: 1,25 €, Comparison Price: 2,50 €/kg
Product: Elovena 420g omena-mustikka-vadelma annospikapuuro, Unit Price: 4,58 €, Comparison Price: 10,90 €/kg
Product: Nalle 1,5kg pikakaurahiutaleita, Unit Price: 4,29 €, Comparison Price: 2,86 €/kg
Product: Elovena 480g kaura-kuitu annospikapuuro, Unit Price: 4,58 €, Comparison Price: 9,54 €/kg
Product: Nestlé Fitness 600g Yogurtflakes hiutaleita täysjyvävehnästä-, -kaurasta ja riisistä sekä jogurttikuorrutettuja hiutaleita, Unit Price: 5,25 €, Comparison Price: 8,75 €/kg
Product: Elovena 210g omena-mustikka-vadelma annospikapuuro, Unit Price: 2,29 €, Comparison Price: 10,90 €/kg
Product: Fazer Alku Mustaherukka & mansikka pikakaurapuuro 400 g, Unit Price: 4,29 €, Comparison Price: 10,73 €/kg
Product: Fazer Alku Ruis & auringonkukka pikakaurapuuro 400 g, Unit Price: 2,65 €, Comparison Price: 6,62 €/kg
Product: Myllärin Luomu Pikakaurahiutale 500 g, Unit Price: 2,05 €, Comparison Price: 4,10 €/kg
Product: Elovena 210g valkosuklaa-mansikka annospikapuuro, Unit Price: 2,29 €, Comparison Price: 10,90 €/kg
Product: Elovena 630g vadelma pikapuurohiutale, Unit Price: 5,59 €, Comparison Price: 8,87 €/kg
Product: Fazer Alku Vadelma & mustaherukka Proteiini pikakaurapuuro 400 g, Unit Price: 4,99 €, Comparison Price: 12,48 €/kg
Product: Fazer Alku Vadelmainen pikakaurapuuro 400 g, Unit Price: 4,29 €, Comparison Price: 10,73 €/kg
Product: Elovena 420g vadelma vähemmän sokeria annospikapuuro, Unit Price: 4,58 €, Comparison Price: 10,90 €/kg
Product: Elovena 420g omena-kaneli annospikapuuro, Unit Price: 4,58 €, Comparison Price: 10,90 €/kg
Product: Elovena 210g mokkapalanmakuinen annospikapuuro, Unit Price: 2,29 €, Comparison Price: 10,90 €/kg
Product: Elovena 210g vadelma annospikapuuro, Unit Price: 2,29 €, Comparison Price: 10,90 €/kg
Product: Fazer Alku Ruis & taateli kaurapuuro 500 g, Unit Price: 4,29 €, Comparison Price: 8,58 €/kg
Product: Elovena 420g valkosuklaa-mansikka annospikapuuro, Unit Price: 4,58 €, Comparison Price: 10,90 €/kg
Product: Rainbow 300g kaakaomuro, Unit Price: 1,39 €, Comparison Price: 4,63 €/kg
Product: S-kestokassi iso 39 x 45 x 23 cm, Unit Price: 1,50 €, Comparison Price: 
Product: S-kestokassi pieni 36 x 35 x 18 cm, Unit Price: 1,15 €, Comparison Price: 
Product: S-kestokassi mini 25,5 x 25,5 x 10 cm, Unit Price: 0,50 €, Comparison Price: 
Product: Kestohevipussi 11g, Unit Price: 0,79 €, Comparison Price: 
Product: Amer 450*500*0.170 Thermokassi, Unit Price: 1,40 €, Comparison Price: 
Product: Reilun kaupan puuvillakassi, Unit Price: 1,95 €, Comparison Price: 
Product: Amer Thermo 430*530*0.170 kukkakassi, Unit Price: 1,15 €, Comparison Price: 
Product: Amer Thermo 430*530*0.170 kukkakassi, Unit Price: 0,55 €, Comparison Price: 
Product: Oscar Possu-mustikkaherkku 100 g, Unit Price: 1,74 €, Comparison Price: 17,40 €/kg
Product: Mjau Lihanmakuja hyytelössä viljaton ja kalaton lajitelma 12x85g kissanruoka, Unit Price: 6,59 €, Comparison Price: 6,46 €/kg
Product: head&shoulders 7 Pro-Expert Anti-Hairfall Defence with caffeine 250ml shampoo, Unit Price: 4,75 €, Comparison Price: 19,00 €/l
Product: Latz 400g Countryside Sensations Nautaa, Kanaa ja makuna Kasviksia kissanruoka, Unit Price: 2,39 €, Comparison Price: 5,98 €/kg
Product: Latz 400g Farmhouse Sensations Kanaa, Kalkkunaa ja makuna Kasviksia kissanruoka, Unit Price: 2,39 €, Comparison Price: 5,98 €/kg
Product: Latz 400g Seaside Sensations Lohta ja makuna Kasviksia kissanruoka, Unit Price: 2,39 €, Comparison Price: 5,98 €/kg
Product: PrimaCat Kana steriloiduille aikuisille kissoille 400 g, Unit Price: 3,85 €, Comparison Price: 9,63 €/kg
Product: Best Friend Bilanx Viljaton steriloitu 750g, Unit Price: 6,39 €, Comparison Price: 8,52 €/kg
Product: PrimaCat Kana steriloiduille aikuisille kissoille 1,4 kg, Unit Price: 7,99 €, Comparison Price: 5,71 €/kg
Product: Latz 2kg Countryside Sensations Nautaa, Kanaa ja makuna Kasviksia kissanruoka, Unit Price: 7,95 €, Comparison Price: 3,98 €/kg
Product: Dagsmark Ilves viljaton kissan kuivaruoka kanasta aikuiselle kissalle 680 g, Unit Price: 6,79 €, Comparison Price: 9,99 €/kg
Product: Dagsmark TIIKERI kana kissan kuivaruoka 680 g, Unit Price: 6,79 €, Comparison Price: 9,99 €/kg
Product: PrimaCat Viljaton lohi aikuisille kissoille 400 g, Unit Price: 4,50 €, Comparison Price: 11,25 €/kg
Product: Whiskas Junior sis. Kanaa (800 g), Unit Price: 5,25 €, Comparison Price: 6,56 €/kg
Product: Purina One 750g Senior Kanaa ja vehnää kissanruoka, Unit Price: 6,09 €, Comparison Price: 8,12 €/kg
Product: Brit Premium by Nature Lohta steriloiduille kissoille 300 g, Unit Price: 3,29 €, Comparison Price: 10,97 €/kg
Product: Purina One 750g Sterilcat Nautaa ja vehnää kissanruoka, Unit Price: 6,09 €, Comparison Price: 8,12 €/kg
Product: Perfect Fit Senior 7+ Kanaa 750g, Unit Price: 8,29 €, Comparison Price: 11,05 €/kg
Product: Best Friend Bilanx Viljaton lohi 750g, Unit Price: 6,39 €, Comparison Price: 8,52 €/kg
Product: Whiskas 7+ Kanaa 800g, Unit Price: 5,25 €, Comparison Price: 6,56 €/kg
Product: Perfect Fit Sensitive 1+ Kalkkunaa 750g, Unit Price: 8,29 €, Comparison Price: 11,05 €/kg
Product: Dagsmark PUUMA vähärasvainen kana-hyönteinen kissan kuivaruoka 680 g, Unit Price: 6,79 €, Comparison Price: 9,99 €/kg
Product: Latz 2kg Seaside Sensations Lohta ja makuna Kasviksia kissanruoka, Unit Price: 7,95 €, Comparison Price: 3,98 €/kg
Product: Best Friend Bilanx Viljaton kana 750g, Unit Price: 6,39 €, Comparison Price: 8,52 €/kg
Product: Purina One 750g Sterilcat Lohta ja vehnää kissanruoka, Unit Price: 6,09 €, Comparison Price: 8,12 €/kg
Product: Purina ONE 1,5 kg Sterilcat Runsaasti Nautaa ja Vehnää kissanruoka, Unit Price: 11,79 €, Comparison Price: 7,86 €/kg
Product: Purina ONE 800g Adult Runsaasti Lohta ja vehnää kissanruoka, Unit Price: 5,95 €, Comparison Price: 7,44 €/kg
Product: Kotimaista puolikarkea vehnäjauho 2 kg, Unit Price: 1,55 €, Comparison Price: 0,78 €/kg
Product: Sunnuntai 2kg erikois vehnäjauho, Unit Price: 2,69 €, Comparison Price: 1,35 €/kg
Product: Xtra vehnäjauho 2 kg, Unit Price: 0,89 €, Comparison Price: 0,45 €/kg
Product: Kotimaista erikoisvehnäjauho 2 kg, Unit Price: 1,79 €, Comparison Price: 0,90 €/kg
Product: Myllyn Paras Emännän Puolikarkea Vehnäjauho 2kg, Unit Price: 2,25 €, Comparison Price: 1,13 €/kg
Product: Kotimaista luomuvehnäjauho 1 kg, Unit Price: 1,99 €, Comparison Price: 1,99 €/kg
Product: Myllyn Paras Erikoisvehnäjauho 1kg, Unit Price: 1,85 €, Comparison Price: 1,85 €/kg
Product: Myllärin Luomu Leivontakarkea Vehnäjauho 1 kg, Unit Price: 2,05 €, Comparison Price: 2,05 €/kg
Product: Myllyn Paras Emännän Puolikarkea vehnäjauho 1 kg, Unit Price: 1,59 €, Comparison Price: 1,59 €/kg
Product: Myllyn Paras Emännän Puolikarkea Vehnäjauho 5kg, Unit Price: 5,99 €, Comparison Price: 1,20 €/kg
Product: Birkkalan Luomu puolikarkeat spelttijauhot täysjyvä 800g, Unit Price: 2,99 €, Comparison Price: 3,74 €/kg
Product: Kinnusen Mylly 2kg Puolikarkea vehnäjauho, Unit Price: 2,19 €, Comparison Price: 1,10 €/kg
Product: Sunnuntai 1kg erikoisvehnäjauho, Unit Price: 2,45 €, Comparison Price: 2,45 €/kg
Product: Myllärin Leivontakarkea Vehnäjauho 2 kg, Unit Price: 2,05 €, Comparison Price: 1,02 €/kg
Product: Krannin Tila 1,5kg vehnäjauho, Unit Price: 3,90 €, Comparison Price: 2,60 €/kg
Product: Finax Ramlösa Kvarn Tipo 00 Vehnäjauho 2 kg, Unit Price: 3,59 €, Comparison Price: 1,80 €/kg
Product: Sunspelt Luomuspeltti Alkuvehnäjauho 700g, Unit Price: 3,79 €, Comparison Price: 5,41 €/kg
Product: Birkkalan Luomu Mannaspelttijauhot täysjyvä 800g, Unit Price: 2,99 €, Comparison Price: 3,74 €/kg
Product: Finax Ramlösa Kvarn Manitoba Cream 2 kg vehnäjauho, Unit Price: 3,59 €, Comparison Price: 1,80 €/kg
Product: Myllyn Paras Erikoisvehnäjauho 2 kg, Unit Price: 2,55 €, Comparison Price: 1,27 €/kg
Product: Sunnuntai 2kg luomu erikoisvehnäjauho, Unit Price: 4,55 €, Comparison Price: 2,28 €/kg
Product: Sunnuntai Anni Helena 2kg kakkuvehnäjauho, Unit Price: 4,29 €, Comparison Price: 2,15 €/kg
Product: Birkkalan Luomu Ydin spelttijauhot 700g, Unit Price: 2,95 €, Comparison Price: 4,21 €/kg
Product: Myllärin Juhlavehnäjauho 2 kg, Unit Price: 2,19 €, Comparison Price: 1,10 €/kg
Product: Riitan Herkku Kuningatar Pannacotta 180g, Unit Price: 1,49 €, Comparison Price: 8,28 €/kg
Product: Riitan Herkku Tyrni Pannacotta 180g, Unit Price: 1,49 €, Comparison Price: 8,28 €/kg
Product: Riitan Herkku Tyrnikiisseli 90g, Unit Price: 0,85 €, Comparison Price: 9,44 €/kg
Product: Saarioinen Mansikka-vaniljakiisseli 175g, Unit Price: 1,89 €, Comparison Price: 10,80 €/kg
Product: Riitan Herkku Ruusunmarjakiisseli 90g, Unit Price: 0,85 €, Comparison Price: 9,44 €/kg
Product: Saarioinen Raparperi-vaniljakiisseli 175g, Unit Price: 1,89 €, Comparison Price: 10,80 €/kg
Product: Saarioinen Vadelma-vaniljakiisseli 175g, Unit Price: 1,89 €, Comparison Price: 10,80 €/kg
Product: Saarioinen Hedelmä-vaniljakiisseli 175g, Unit Price: 1,89 €, Comparison Price: 10,80 €/kg
Product: Carrefour kissanmaito 3x200ml, Unit Price: 2,09 €, Comparison Price: 3,48 €/l
Product: Whiskas Sticks Kana 3x6g, Unit Price: 1,49 €, Comparison Price: 82,78 €/kg
Product: Carrefour lohitikku kissalle 6x5g, Unit Price: 0,99 €, Comparison Price: 33,00 €/kg
Product: Athena 200 ml kissanmaito, Unit Price: 0,79 €, Comparison Price: 3,95 €/l
Product: Whiskas Sticks Lohi  3x6g, Unit Price: 1,49 €, Comparison Price: 82,78 €/kg
Product: Vitakraft Liquid snack Nestemäinen välipala vähintään 3 kuukauden ikäisille kissoille kana + tauriini 6x15g, Unit Price: 2,49 €, Comparison Price: 27,67 €/kg
Product: Latz 60g Party Mix snacks Original Mix Kanan, Maksan & Kalkkunan makuinen kissanherkku, Unit Price: 1,79 €, Comparison Price: 29,83 €/kg
Product: Carrefour kanatikku kissalle 6x5g, Unit Price: 0,99 €, Comparison Price: 33,00 €/kg
Product: Carrefour lihatikku kissalle 6x5g, Unit Price: 0,99 €, Comparison Price: 33,00 €/kg
Product: Vitakraft Liquid snack Nestemäinen välipala vähintään 3 kuukauden ikäisille kissoille lohi + omega 3 6x15g, Unit Price: 2,49 €, Comparison Price: 27,67 €/kg
Product: Whiskas Sticks Häränliha 3x6g, Unit Price: 1,49 €, Comparison Price: 82,78 €/kg
Product: Whiskas dentabites kanaa 40g, Unit Price: 2,45 €, Comparison Price: 61,25 €/kg
Product: Dreamies Kissanmintun makuinen - Kissanherkku pussissa - (60 g), Unit Price: 1,89 €, Comparison Price: 31,50 €/kg
Product: Dreamies Mix sis. Kanaa & Ankkaa - Kissanherkku pussissa - (60 g), Unit Price: 1,89 €, Comparison Price: 31,50 €/kg
Product: Dreamies sis. Kanaa - Kissanherkku pussissa - (60 g), Unit Price: 1,89 €, Comparison Price: 31,50 €/kg
Product: Latz 200g Party Mix Original Mix Kanan, Maksan & Kalkkunan makuinen kissanherkku, Unit Price: 4,29 €, Comparison Price: 21,45 €/kg
Product: Dreamies sis. Härkää - Kissanherkku pussissa - (60 g), Unit Price: 1,89 €, Comparison Price: 31,50 €/kg
Product: Dokas pakastekuivattu kanansydän 15g, Unit Price: 2,39 €, Comparison Price: 159,33 €/kpl
Product: Vitakraft Cat Stick® Lihatikku kissoille, lohi 3kpl, Unit Price: 1,19 €, Comparison Price: 66,11 €/kg
Product: Latz Tasty Nuggets 50g Runsaasti Kanaa, Unit Price: 1,79 €, Comparison Price: 35,80 €/kg
Product: Latz Tasty Nuggets 50g Runsaasti Lohta, Unit Price: 1,79 €, Comparison Price: 35,80 €/kg
Product: Miamor kissan herkku Vitamiinitahna 6x15g, Unit Price: 2,99 €, Comparison Price: 33,22 €/kg
Product: Vitakraft Cat Stick® Lihatikku kissoille, ankka & kaniini 3kpl, Unit Price: 1,19 €, Comparison Price: 66,11 €/kg
Product: Dreamies Shakeups Multivitamiini Meren Antimet 55g, Unit Price: 1,89 €, Comparison Price: 34,36 €/kg
Product: Kotimaista rasvaton maito 1l, Unit Price: 0,70 €, Comparison Price: 0,70 €/l
Product: Kurkku, Unit Price: 0,57 €, Comparison Price: 1,70 €/kg
Product: Myllärin Luomu Ruisjauho 1 kg, Unit Price: 2,05 €, Comparison Price: 2,05 €/kg
Product: Myllyn Paras Ruisjauho 1 kg, Unit Price: 1,39 €, Comparison Price: 1,39 €/kg
Product: Kotimaista ruisjauho 1 kg, Unit Price: 1,29 €, Comparison Price: 1,29 €/kg
Product: Myllärin Ruisjauho 2 kg, Unit Price: 2,59 €, Comparison Price: 1,30 €/kg
Product: Rainbow ruisjauho 1 kg, Unit Price: 1,25 €, Comparison Price: 1,25 €/kg
Product: Kinnusen Mylly 4kg Ruisjauho, Unit Price: 4,79 €, Comparison Price: 1,20 €/kg
Product: Sunnuntai 1kg karkea täysjyväruisjauho, Unit Price: 2,25 €, Comparison Price: 2,25 €/kg
Product: Sunnuntai 1kg hieno täysjyväruisjauho, Unit Price: 2,25 €, Comparison Price: 2,25 €/kg
Product: Kotimaista vapaan kanan munat M10 580g, Unit Price: 1,83 €, Comparison Price: 3,16 €/kg
Product: Kotimaista pikakaurahiutale 750 g, Unit Price: 1,12 €, Comparison Price: 1,49 €/kg
Product: Nalle 500g pikakaurahiutaleita, Unit Price: 1,45 €, Comparison Price: 2,90 €/kg
Product: Xtra Pikakaurahiutale 500 g, Unit Price: 0,39 €, Comparison Price: 0,78 €/kg
Product: Kotimaista luomu pikakaurahiutale 500 g, Unit Price: 1,35 €, Comparison Price: 2,70 €/kg
Product: Myllyn Paras Pikakaura+Kuitu Hiutale 500 g, Unit Price: 1,95 €, Comparison Price: 3,90 €/kg
Product: Myllyn Paras Pikakaurahiutale 500g, Unit Price: 1,25 €, Comparison Price: 2,50 €/kg
Product: Elovena 420g omena-mustikka-vadelma annospikapuuro, Unit Price: 4,58 €, Comparison Price: 10,90 €/kg
Product: Nalle 1,5kg pikakaurahiutaleita, Unit Price: 4,29 €, Comparison Price: 2,86 €/kg
Product: Elovena 480g kaura-kuitu annospikapuuro, Unit Price: 4,58 €, Comparison Price: 9,54 €/kg
Product: Nestlé Fitness 600g Yogurtflakes hiutaleita täysjyvävehnästä-, -kaurasta ja riisistä sekä jogurttikuorrutettuja hiutaleita, Unit Price: 5,25 €, Comparison Price: 8,75 €/kg
Product: Elovena 210g omena-mustikka-vadelma annospikapuuro, Unit Price: 2,29 €, Comparison Price: 10,90 €/kg
Product: Fazer Alku Mustaherukka & mansikka pikakaurapuuro 400 g, Unit Price: 4,29 €, Comparison Price: 10,73 €/kg
Product: Fazer Alku Ruis & auringonkukka pikakaurapuuro 400 g, Unit Price: 2,65 €, Comparison Price: 6,62 €/kg
Product: Myllärin Luomu Pikakaurahiutale 500 g, Unit Price: 2,05 €, Comparison Price: 4,10 €/kg
Product: Elovena 210g valkosuklaa-mansikka annospikapuuro, Unit Price: 2,29 €, Comparison Price: 10,90 €/kg
Product: Elovena 630g vadelma pikapuurohiutale, Unit Price: 5,59 €, Comparison Price: 8,87 €/kg
Product: Fazer Alku Vadelma & mustaherukka Proteiini pikakaurapuuro 400 g, Unit Price: 4,99 €, Comparison Price: 12,48 €/kg
Product: Fazer Alku Vadelmainen pikakaurapuuro 400 g, Unit Price: 4,29 €, Comparison Price: 10,73 €/kg
Product: Elovena 420g vadelma vähemmän sokeria annospikapuuro, Unit Price: 4,58 €, Comparison Price: 10,90 €/kg
Product: Elovena 420g omena-kaneli annospikapuuro, Unit Price: 4,58 €, Comparison Price: 10,90 €/kg
Product: Elovena 210g mokkapalanmakuinen annospikapuuro, Unit Price: 2,29 €, Comparison Price: 10,90 €/kg
Product: Elovena 210g vadelma annospikapuuro, Unit Price: 2,29 €, Comparison Price: 10,90 €/kg
Product: Fazer Alku Ruis & taateli kaurapuuro 500 g, Unit Price: 4,29 €, Comparison Price: 8,58 €/kg
Product: Elovena 420g valkosuklaa-mansikka annospikapuuro, Unit Price: 4,58 €, Comparison Price: 10,90 €/kg
Product: Elovena 500g gluteeniton iso täysjyväkaurahiutale, Unit Price: 2,99 €, Comparison Price: 5,98 €/kg
Product: Elovena 900g iso täysjyväkaurahiutale, Unit Price: 3,75 €, Comparison Price: 4,17 €/kg
Product: Sipuli, Unit Price: 0,20 €, Comparison Price: 1,45 €/kg
Product: Snellman Kunnon lihapullat 300g, Unit Price: 2,49 €, Comparison Price: 8,30 €/kg
Product: HK Lihapyörykät 360 g, Unit Price: 0,95 €, Comparison Price: 2,64 €/kg
Product: Hau-Hau Champion Mehevä Ruutu Nautaa herkku 140 g, Unit Price: 2,49 €, Comparison Price: 17,79 €/kg
Product: Valio PROfeel® proteiinivanukas 180 g tutti frutti laktoositon, Unit Price: 1,29 €, Comparison Price: 7,17 €/kg
Product: Atria Kunnon Arki Lihamakaronilaatikko 400g, Unit Price: 1,75 €, Comparison Price: 4,38 €/kg
Product: Kotimaista Kirjolohikeitto 300g, Unit Price: 2,05 €, Comparison Price: 6,83 €/kg
Product: Valio appelsiinitäysmehu 1 l perinteinen, Unit Price: 2,90 €, Comparison Price: 2,90 €/l
Product: KELLOGG'S Corn Flakes 750g, Unit Price: 5,99 €, Comparison Price: 7,99 €/kg
Product: Elovena 420g omena-kaneli annospikapuuro, Unit Price: 4,58 €, Comparison Price: 10,90 €/kg
Product: PrimaCat Fillets Kanaa vedessä & Tonnikalaa vedessä 4 x 50 g, Unit Price: 2,90 €, Comparison Price: 14,50 €/kg
Product: Saarioinen Vispis puolukka, vaahdotettu puolukkavälipala 130g, Unit Price: 1,69 €, Comparison Price: 13,00 €/kg
Product: Fazer Aito Kaurajuoma Barista 1L UHT, Unit Price: 1,99 €, Comparison Price: 1,99 €/l
Product: Oral-B Junior 50ml lasten hammastahna, Unit Price: 1,39 €, Comparison Price: 27,80 €/l
Product: Rainbow 2,5kg grillihiili, Unit Price: 5,99 €, Comparison Price: 2,40 €/kg
Product: Apetina Original Välimerellinen juustopala 200 g, Unit Price: 2,29 €, Comparison Price: 11,45 €/kg
Product: Coop fetajuusto vähälaktoosinen 150 g, Unit Price: 1,49 €, Comparison Price: 9,93 €/kg
Product: Patros Natur salaattijuusto 200g, Unit Price: 3,49 €, Comparison Price: 17,45 €/kg
Product: Xtra salaattijuustopala 20% rasvaa 200 g, Unit Price: 1,32 €, Comparison Price: 6,60 €/kg
Product: Apetina 100/70g snack aurinkokuivatut tomaatit ja välimerelllisiä juustokuutioita öljyssä, Unit Price: 1,99 €, Comparison Price: 19,90 €/kg
Product: Apetina 100/60g snack vihreitä oliiveja, valkosipulia ja välimerellisiä juustokuutioita öljyssä, Unit Price: 1,99 €, Comparison Price: 19,90 €/kg
Product: Apetina Original 430/200g 10% laktoosittomat välimerelliset juustokuutiot suolaliemessä, Unit Price: 2,89 €, Comparison Price: 14,45 €/kg
Product: Olympus 150g Feta laktoositon, Unit Price: 3,39 €, Comparison Price: 22,60 €/kg
Product: Apetina Original 430/200g välimerelliset juustokuutiot suolaliemessä, Unit Price: 2,89 €, Comparison Price: 14,45 €/kg
Product: Coop salaattijuustokuutiot 380/175 g, Unit Price: 1,99 €, Comparison Price: 11,37 €/kg
Product: Xtra salaattijuusto yrttiöljyssä 300 g, Unit Price: 2,35 €, Comparison Price: 7,83 €/kg
Product: Apetina 200g laktoositon välimerellinen juustopala, Unit Price: 2,69 €, Comparison Price: 13,45 €/kg
Product: Olympus Feta Original 200g, Unit Price: 3,99 €, Comparison Price: 19,95 €/kg
Product: Rainbow 150g fetajuusto luomu, Unit Price: 2,69 €, Comparison Price: 17,93 €/kg
Product: Apetina 430/200g 3% välimerellinen vähälaktoosinen juusto kuutioina, Unit Price: 2,89 €, Comparison Price: 14,45 €/kg
Product: Apetina 265/140g välimerellinen juusto kuutiot maustetussa öljymarinaadissa sis. aurinkokuivatut tomaatit, Unit Price: 3,59 €, Comparison Price: 13,55 €/kg
Product: Apetina 430/200g Valkosipuli-Persilja välimerelliset juustokuutiot, Unit Price: 2,98 €, Comparison Price: 14,90 €/kg
Product: Apetina 100/80g snack välimerellinen juusto kuutioina ja yrttejä ölymarinadissa., Unit Price: 1,99 €, Comparison Price: 19,90 €/kg
Product: Coop salaattijuustokuutiot kevyt 150 g, Unit Price: 1,99 €, Comparison Price: 13,27 €/kg
Product: Valio Keittiön salaattijuusto kuutiot 180 g laktoositon, Unit Price: 2,69 €, Comparison Price: 14,94 €/kg
Product: Apetina 265/150g välimerelliset juustokuutiot maustetussa öljyssä yrtit ja mausteet, Unit Price: 3,59 €, Comparison Price: 13,55 €/kg
Product: Olympus 150g Feta -25% suolaa, Unit Price: 3,19 €, Comparison Price: 21,27 €/kg
Product: Apetina Snack Mango & Chili 100/70 g, Unit Price: 1,99 €, Comparison Price: 19,90 €/kg
Product: Xtra 530/325 g salaattijuustokuutiot, Unit Price: 2,75 €, Comparison Price: 8,46 €/kg
Product: Coop mozzarella juustoraaste 150 g, Unit Price: 1,31 €, Comparison Price: 8,73 €/kg
Product: Valio Hyvä suomalainen Arki® rae 500 g, Unit Price: 2,95 €, Comparison Price: 5,90 €/kg
Product: Rainbow 400 g 0,2%  vähälaktoosinen raejuusto, Unit Price: 1,48 €, Comparison Price: 3,70 €/kg
Product: Coop halloumijuusto 200 g, Unit Price: 2,44 €, Comparison Price: 12,20 €/kg
Product: Valio Oltermanni® e1 kg, Unit Price: 6,65 €, Comparison Price: 6,65 €/kg
Product: Valio Oltermanni® 17 % e900 g, Unit Price: 6,65 €, Comparison Price: 7,39 €/kg
Product: Valio raejuusto 200 g, Unit Price: 1,45 €, Comparison Price: 7,25 €/kg
Product: Rainbow 1 kg kermajuusto, Unit Price: 5,89 €, Comparison Price: 5,89 €/kg
Product: Kotimaista 200g raejuusto laktoositon 2%, Unit Price: 1,29 €, Comparison Price: 6,45 €/kg
Product: Valio Hyvä suomalainen Arki® rae rasvaton 500 g laktoositon, Unit Price: 2,95 €, Comparison Price: 5,90 €/kg
Product: Rainbow 400 g 2% raejuusto, Unit Price: 1,96 €, Comparison Price: 4,90 €/kg
Product: Xtra 210/125g Mozzarellajuusto 17% rasvaa, Unit Price: 1,19 €, Comparison Price: 9,52 €/kg
Product: Valio Hyvä suomalainen Arki® juustoviipale e500 g, Unit Price: 4,65 €, Comparison Price: 9,30 €/kg
Product: Apetina Original Välimerellinen juustopala 200 g, Unit Price: 2,29 €, Comparison Price: 11,45 €/kg
Product: Valio AURA® e170 g pala, Unit Price: 2,99 €, Comparison Price: 17,59 €/kg
Product: Valio raejuusto 400 g, Unit Price: 2,85 €, Comparison Price: 7,13 €/kg
Product: Coop fetajuusto vähälaktoosinen 150 g, Unit Price: 1,49 €, Comparison Price: 9,93 €/kg
Product: Coop emmental juustoraaste 150 g, Unit Price: 1,29 €, Comparison Price: 8,60 €/kg
Product: Arla Keso 450 g 1,5% maustamaton raejuusto, Unit Price: 3,35 €, Comparison Price: 7,44 €/kg
Product: Valio Hyvä suomalainen Arki® goudaviipale e400 g, Unit Price: 4,65 €, Comparison Price: 11,63 €/kg
Product: Filos original halloumi-juusto PDO 200g, Unit Price: 3,19 €, Comparison Price: 15,95 €/kg
Product: Castelli Parmigiano Reggiano tuoreraaste 70 g, Unit Price: 2,45 €, Comparison Price: 35,00 €/kg
Product: Arla Keso 450 g 1,5% laktoositon raejuusto, Unit Price: 3,35 €, Comparison Price: 7,44 €/kg
Product: Rainbow 1kg 17% kevyt kermajuusto, Unit Price: 6,45 €, Comparison Price: 6,45 €/kg
Product: 2 x Pepsi Max virvoitusjuoma 1,5 l, Unit Price: 2,98 €, Comparison Price: 0,73 €/l
Product: Xtra 210/125g Mozzarellajuusto 17% rasvaa, Unit Price: 1,19 €, Comparison Price: 9,52 €/kg
Product: Granarolo 125g mozzarella juusto, Unit Price: 1,89 €, Comparison Price: 15,12 €/kg
Product: Coop mozzarella laktoositon 210/125 g, Unit Price: 1,99 €, Comparison Price: 15,92 €/kg
Product: Xtra mozzarellajuusto 210/125g 10% rasvaa, Unit Price: 1,19 €, Comparison Price: 9,52 €/kg
Product: Coop mozzarella mini 235/125 g, Unit Price: 1,35 €, Comparison Price: 10,80 €/kg
Product: Bayreuth Mozzarella Helmet 100g, Unit Price: 1,85 €, Comparison Price: 18,50 €/kg
Product: Castelli mozzarella luomu, Unit Price: 2,25 €, Comparison Price: 18,00 €/kg
Product: Nuova Castelli mozzarella puhvelinmaito, Unit Price: 2,75 €, Comparison Price: 22,00 €/kg
Product: Granarolo burrata 125g, Unit Price: 3,19 €, Comparison Price: 25,52 €/kg
Product: Castelli 125g luomu buffalo mozzarella, Unit Price: 3,25 €, Comparison Price: 26,00 €/kg
Product: Riitan Herkku Mozzarella 250g, Unit Price: 4,35 €, Comparison Price: 17,40 €/kg
Product: Granarolo Mozzarella 250g, Unit Price: 3,25 €, Comparison Price: 13,00 €/kg
Product: Coop mozzarella Di Bufala 195/100 g, Unit Price: 2,19 €, Comparison Price: 21,90 €/kg
Product: Coop mozzarella 220/125 g, Unit Price: 1,45 €, Comparison Price: 11,60 €/kg
Product: Bliw Keittiö Villitimjami & Lime täyttöpussi nestesaippua 600ml, Unit Price: 2,65 €, Comparison Price: 4,42 €/l
Product: Coop proteiinipatukka suolakinuski 50 g, Unit Price: 1,29 €, Comparison Price: 25,80 €/kg
Product: TEHO Suklaa + Kreatiini palautusjuoma 0,33 l, Unit Price: 2,19 €, Comparison Price: 6,64 €/l
Product: TEHO Suklaa palautusjuoma 0,33 l, Unit Price: 2,19 €, Comparison Price: 6,64 €/l
Product: TEHO Banaani-Suklaa palautusjuoma 0,33 l, Unit Price: 2,19 €, Comparison Price: 6,64 €/l
Product: Coop proteiinipatukka marja 50 g, Unit Price: 1,29 €, Comparison Price: 25,80 €/kg
Product: Coop proteiinipatukka minttu ja kaakao 50 g, Unit Price: 1,29 €, Comparison Price: 25,80 €/kg
Product: Valio PROfeel® sokeroimaton proteiinijuoma suklaa 2,5 dl UHT laktoositon, Unit Price: 1,85 €, Comparison Price: 7,40 €/l
Product: TEHO Mansikka palautusjuoma 0,33 l, Unit Price: 2,19 €, Comparison Price: 6,64 €/l
Product: Coop laktoositon proteiinijuoma vanilja 250 ml, Unit Price: 1,39 €, Comparison Price: 5,56 €/l
Product: TEHO Valkosuklaa-Vanilja + Mg palautusjuoma 0,33 l, Unit Price: 2,19 €, Comparison Price: 6,64 €/l
Product: Rainbow Laktoositon proteiinijuoma mansikka 250 ml, Unit Price: 1,39 €, Comparison Price: 5,56 €/l
Product: Rainbow Laktoositon proteiinijuoma minttusuklaa 250 ml, Unit Price: 1,39 €, Comparison Price: 5,56 €/l
Product: Coop laktoositon proteiinijuoma suklaa 250 ml, Unit Price: 1,39 €, Comparison Price: 5,56 €/l
Product: TEHO Toffee palautusjuoma 0,33 l, Unit Price: 2,19 €, Comparison Price: 6,64 €/l
Product: Valio PROfeel® proteiinijuoma minttukaakao 2,5 dl UHT laktoositon, Unit Price: 1,85 €, Comparison Price: 7,40 €/l
Product: Valio PROfeel® sokeroimaton proteiinijuoma mansikkainen 2,5 dl UHT laktoositon, Unit Price: 1,85 €, Comparison Price: 7,40 €/l
Product: Juustoportti Hyvin proteiinijuoma 250 ml kaakao laktoositon, Unit Price: 1,95 €, Comparison Price: 7,80 €/l
Product: Gainomax High Protein drink Smooth Vanilla Proteiinijuoma 250ml, Unit Price: 2,49 €, Comparison Price: 9,96 €/l
Product: Fazer Pätkis Crunchy proteiinipatukka 45g, Unit Price: 2,45 €, Comparison Price: 54,44 €/kg
Product: BIG PRO proteiinijuoma suklaa 330 ml UHT laktoositon, Unit Price: 1,95 €, Comparison Price: 5,91 €/l
Product: Rainbow taateli-maapähkinäpatukka 35 g, Unit Price: 0,65 €, Comparison Price: 18,57 €/kg
Product: Juustoportti Hyvin proteiinijuoma 250 ml kaakao-banaani laktoositon, Unit Price: 1,95 €, Comparison Price: 7,80 €/l
Product: BIG PRO proteiinijuoma vanilja 330 ml UHT laktoositon, Unit Price: 1,95 €, Comparison Price: 5,91 €/l
Product: FAST Protein Shake 250 ml Vanilla-Pear, Unit Price: 2,19 €, Comparison Price: 8,76 €/l
Product: Purina One 750g Sterilcat Nautaa ja vehnää kissanruoka, Unit Price: 6,09 €, Comparison Price: 8,12 €/kg
Product: Rainbow leivinarkki 38cmx42cm 24kpl, Unit Price: 0,92 €, Comparison Price: 0,04 €/kpl
Product: Fredman leivinarkki valkaisematon 38x42cm 24kpl, Unit Price: 1,69 €, Comparison Price: 0,07 €/kpl
Product: Rainbow ECO lautanen 23cm 30kpl, Unit Price: 1,61 €, Comparison Price: 0,05 €/kpl
Product: Nature Line puukuituhaarukka Premium 12 kpl, Unit Price: 1,65 €, Comparison Price: 0,14 €/kpl
Product: Rainbow 50x175ml kahvikuppi PEFC Swan, Unit Price: 1,75 €, Comparison Price: 0,04 €/kpl
Product: Fredman iso leivinarkki valkaisematon 40cmx50cm 18kpl, Unit Price: 2,09 €, Comparison Price: 0,12 €/kpl
Product: Xtra alumiinifolio 29 cm x 20 m, Unit Price: 1,33 €, Comparison Price: 0,07 €/m
Product: Rainbow Eco syvä lautanen 350ml 25kpl, Unit Price: 1,75 €, Comparison Price: 0,07 €/kpl
Product: Rainbow alumiinifolio 29cmx15m, Unit Price: 1,89 €, Comparison Price: 0,13 €/m
Product: Rainbow Eco lautanen 18cm 40kpl, Unit Price: 1,00 €, Comparison Price: 0,03 €/kpl
Product: Rainbow vahva alumiinifolio 40cmx10m, Unit Price: 2,09 €, Comparison Price: 0,21 €/m
Product: SAGA Leivinarkki 24 kpl, Unit Price: 1,75 €, Comparison Price: 0,07 €/kpl
Product: Fredman leivinrulla 38 cm x 20 m valkaisematon, Unit Price: 2,75 €, Comparison Price: 0,14 €/m
Product: Rainbow eco muovilasi 250ml 25 kpl, Unit Price: 1,15 €, Comparison Price: 0,05 €/kpl
Product: Rainbow pakastuspussi 2l 100kpl, Unit Price: 1,45 €, Comparison Price: 0,01 €/kpl
Product: Rainbow vahva tuorekelmu 29 cm x 30 m, Unit Price: 1,25 €, Comparison Price: 0,04 €/m
Product: Biopak 10kpl 150mm CPLA Bio haarukka x 10, Unit Price: 1,25 €, Comparison Price: 0,13 €/kpl
Product: Biopak 10kpl 150mm CPLA Bio lusikka x 10, Unit Price: 1,25 €, Comparison Price: 0,13 €/kpl
Product: Fredman vahva alumiinifolio 40cmx6m, Unit Price: 3,15 €, Comparison Price: 0,53 €/m
Product: Fredman folio 30cmx20m, Unit Price: 3,59 €, Comparison Price: 0,18 €/m
Product: Rainbow pakastuspussi 3l 75kpl, Unit Price: 1,39 €, Comparison Price: 0,02 €/kpl
Product: AMERGRIP 20KPL/1L GREEN PE PUSSI, Unit Price: 1,89 €, Comparison Price: 0,09 €/kpl
Product: AMERGRIP 50KPL/MINI 0,2 L GREEN PE PUSSI, Unit Price: 1,95 €, Comparison Price: 0,04 €/kpl
Product: SAGA Leivinpaperi 38 cm x 22 m, Unit Price: 3,29 €, Comparison Price: 
Product: Purina One 750g Sterilcat Lohta ja vehnää kissanruoka, Unit Price: 6,09 €, Comparison Price: 8,12 €/kg
Product: Rainbow 400 g 0,2%  vähälaktoosinen raejuusto, Unit Price: 1,48 €, Comparison Price: 3,70 €/kg
Product: Saarioinen Jauhelihapizza 200g, Unit Price: 1,29 €, Comparison Price: 6,45 €/kg
Product: Fazer Imatran Riisipiirakka 6kpl 420g, Unit Price: 2,29 €, Comparison Price: 5,45 €/kg
Product: Fresh Hetki Suosikkisalaatti Kana-caesar 230 g, Unit Price: 3,99 €, Comparison Price: 17,35 €/kg
Product: Kokkikartano Lohikeitto 350g, Unit Price: 4,69 €, Comparison Price: 13,40 €/kg
Product: Kokkikartano Täyteläinen pinaattikeitto 300g, Unit Price: 2,89 €, Comparison Price: 9,63 €/kg
Product: HK Burgeri 100 g, Unit Price: 0,63 €, Comparison Price: 6,30 €/kg
Product: Kotimaista Kirjolohikeitto 300g, Unit Price: 2,05 €, Comparison Price: 6,83 €/kg
Product: Fazer Rukiinen Riisipiirakka 6kpl 420g, Unit Price: 2,29 €, Comparison Price: 5,45 €/kg
Product: Saarioinen Siskonmakkarakeitto 300g, Unit Price: 2,49 €, Comparison Price: 8,30 €/kg
Product: Saarioinen Kirjolohikeitto 300g, Unit Price: 2,49 €, Comparison Price: 8,30 €/kg
Product: Saarioinen Pinaattikeitto 300g, Unit Price: 2,29 €, Comparison Price: 7,63 €/kg
Product: Coop kana-taco salaatti 300 g, Unit Price: 3,49 €, Comparison Price: 11,63 €/kg
Product: Kotimaista Pinaattikeitto laktoositon 300g, Unit Price: 1,69 €, Comparison Price: 5,63 €/kg
Product: Saarioinen Tonnikalapizza 200g, Unit Price: 1,49 €, Comparison Price: 7,45 €/kg
Product: Fazer Vuoksen Riisipiirakka 9kpl 330g, Unit Price: 2,29 €, Comparison Price: 6,94 €/kg
Product: Saarioinen Kinkkupizza 200g, Unit Price: 1,49 €, Comparison Price: 7,45 €/kg
Product: Atria Kunnon Arki Lihapullat ja Muusi 300g, Unit Price: 1,95 €, Comparison Price: 6,50 €/kg
Product: Saarioinen Kanakeitto 300g, Unit Price: 2,49 €, Comparison Price: 8,30 €/kg
Product: Kokkikartano Täyteläinen tomaatti-vuohenjuustokeitto 300g, Unit Price: 2,89 €, Comparison Price: 9,63 €/kg
Product: Valio Oltermanni® e1 kg, Unit Price: 5,99 €, Comparison Price: 5,99 €/kg
Product: Kokkikartano Täyteläinen lohikeitto 300g, Unit Price: 2,89 €, Comparison Price: 9,63 €/kg
Product: Saarioinen Savuporo-juustokeitto 300g, Unit Price: 2,49 €, Comparison Price: 8,30 €/kg
Product: Coop riisipiirakka 6 kpl 390 g, Unit Price: 1,19 €, Comparison Price: 3,05 €/kg
Product: Coop Kanakolmioleipä 150g, Unit Price: 1,58 €, Comparison Price: 10,53 €/kg
Product: Saarioinen Bataattisosekeitto 300g, Unit Price: 2,29 €, Comparison Price: 7,63 €/kg
Product: Forssan Perunasalaatti 400g, Unit Price: 1,89 €, Comparison Price: 4,72 €/kg
Product: Kotimaista Riisipuuro 300g, Unit Price: 1,15 €, Comparison Price: 3,83 €/kg
Product: Saarioinen Riisipuuro 300g, Unit Price: 1,89 €, Comparison Price: 6,30 €/kg
Product: Saarioinen Vispipuuro 300g, Unit Price: 1,65 €, Comparison Price: 5,50 €/kg
Product: Saarioinen Laktoositon riisipuuro 270g, Unit Price: 1,89 €, Comparison Price: 7,00 €/kg
Product: Kokkikartano Riisipuuro 300g, Unit Price: 2,15 €, Comparison Price: 7,17 €/kg
Product: Saarioinen Vispipuuro 450g, Unit Price: 2,49 €, Comparison Price: 5,53 €/kg
Product: Kotimaista Vispipuuro 400g, Unit Price: 1,65 €, Comparison Price: 4,12 €/kg
Product: Saarioinen Mannapuuro 300g, Unit Price: 1,89 €, Comparison Price: 6,30 €/kg
Product: Saarioinen Luomu Speltti-kaurarouhepuuro 270g, Unit Price: 1,89 €, Comparison Price: 7,00 €/kg
Product: HoviRuoka 300g Riisipuuro laktoositon, Unit Price: 1,55 €, Comparison Price: 5,17 €/kg
Product: Saarioinen Ohrapuuro 300g, Unit Price: 1,89 €, Comparison Price: 6,30 €/kg
Product: Saarioinen Aprikoosivispipuuro 300g, Unit Price: 1,75 €, Comparison Price: 5,83 €/kg
Product: HoviRuoka 300g Vege Riisipuuro, Unit Price: 1,55 €, Comparison Price: 5,17 €/kg
Product: Kotimaista mannapuuro 300 g, Unit Price: 1,59 €, Comparison Price: 5,30 €/kg
Product: Saarioinen Ruismarjapuuro 400g, Unit Price: 3,29 €, Comparison Price: 8,23 €/kg
Product: Riitan Herkku Puolukkavispipuuro 150g, Unit Price: 0,89 €, Comparison Price: 5,93 €/kg
Product: Saarioinen Vispis vadelma, vaahdotettu vadelmavälipala 130g, Unit Price: 1,69 €, Comparison Price: 13,00 €/kg
Product: Saarioinen Moniviljapuuro 270g, Unit Price: 1,89 €, Comparison Price: 7,00 €/kg
Product: Herkku Classics Vispipuuro 300g, Unit Price: 3,95 €, Comparison Price: 13,17 €/kg
Product: Kokkikartano Mannapuuro 300g, Unit Price: 2,15 €, Comparison Price: 7,17 €/kg
Product: Hannan Gluteenittomat Herkut Vispipuuro 300g, Unit Price: 4,79 €, Comparison Price: 15,97 €/kg
Product: Saarioinen Vispis puolukka, vaahdotettu puolukkavälipala 130g, Unit Price: 1,69 €, Comparison Price: 13,00 €/kg
Product: Kokkikartano Suklaapuuro 250g, Unit Price: 2,15 €, Comparison Price: 8,60 €/kg
Product: Saarioinen Kolmen kauran puuro 270g, Unit Price: 1,89 €, Comparison Price: 7,00 €/kg
Product: Rainbow Croissant 70g, Unit Price: 0,55 €, Comparison Price: 7,86 €/kg
Product: Coop mozzarella mini 235/125 g, Unit Price: 0,50 €, Comparison Price: 4,00 €/kg
Product: Mehustamo appelsiinimehupullo 0,95L, Unit Price: 3,98 €, Comparison Price: 3,98 €/l
Product: Atria Parempi Nauta Jauheliha 10% 400g, Unit Price: 3,69 €, Comparison Price: 9,23 €/kg
Product: Atria Ohuen Ohut Kalkkunaleike 200g, Unit Price: 2,95 €, Comparison Price: 14,75 €/kg
Product: Rainbow vauvan puhdistuspyyhe 72kpl, Unit Price: 1,59 €, Comparison Price: 0,02 €/kpl
Product: Piltti Iso Välipala 150g  Omena-Mustikka, Vadelma, Karhunvatukka 1,5+v annospussi, Unit Price: 1,15 €, Comparison Price: 7,67 €/kg
Product: Rainbow smoothie päärynä, banaani & mansikka luomu 360 g 4-pack 6 kk, Unit Price: 2,29 €, Comparison Price: 6,36 €/kg
Product: Piltti Patukka 25g Hedelmäinen välipalapatukka 1v, Unit Price: 0,95 €, Comparison Price: 38,00 €/kg
Product: Piltti 150g Iso välipala Omena-vadelma-banaani 1,5+v annospussi, Unit Price: 1,19 €, Comparison Price: 7,93 €/kg
Product: Piltti Iso Välipala 150g Omena-Persikka 1,5+v annospussi, Unit Price: 1,15 €, Comparison Price: 7,67 €/kg
Product: Valio Onni® omena-kaurapuuro 215 g UHT (alk 8 kk), Unit Price: 1,15 €, Comparison Price: 5,35 €/l
Product: Piltti 125g Mangoa hedelmäsose 4kk, Unit Price: 0,42 €, Comparison Price: 3,36 €/kg
Product: Piltti 125g Omenaa hedelmäsose 4kk, Unit Price: 0,42 €, Comparison Price: 3,36 €/kg
Product: Piltti Patukka 25g Marjainen välipalapatukka 1v, Unit Price: 0,95 €, Comparison Price: 38,00 €/kg
Product: Rainbow smoothie omena, banaani & mango luomu 360 g 4-pack 6 kk, Unit Price: 2,29 €, Comparison Price: 6,36 €/kg
Product: Rainbow smoothie kaura, omena, persikka & päärynä luomu 120 g 6 kk, Unit Price: 0,89 €, Comparison Price: 7,42 €/kg
Product: Xtra vauvan puhdistuspyyhe 72 kpl, Unit Price: 1,05 €, Comparison Price: 0,01 €/kpl
Product: Rainbow smoothie mango, banaani & päärynä luomu 110 g 6 kk, Unit Price: 0,89 €, Comparison Price: 8,09 €/kg
Product: Piltti 125g Persikkaa ja banaania hedelmäsose 4kk, Unit Price: 0,42 €, Comparison Price: 3,36 €/kg
Product: Rainbow smoothie omena, banaani & mustikka luomu 110 g 6 kk, Unit Price: 0,89 €, Comparison Price: 8,09 €/kg
Product: Piltti Patukka 25g Trooppinen välipalapatukka 1v, Unit Price: 0,95 €, Comparison Price: 38,00 €/kg
Product: Piltti Pohjoisen maut 190g Perunamuusia ja lohta lastenateria 8kk, Unit Price: 1,29 €, Comparison Price: 6,79 €/kg
Product: Semper Fruktmums Vadelma 6kk hedelmäsose 110g, Unit Price: 1,10 €, Comparison Price: 10,00 €/kg
Product: Semper Fruktmums Päärynä 6kk hedelmäsose 110g, Unit Price: 1,10 €, Comparison Price: 10,00 €/kg
Product: Semper Fruktmums Mansikka 6kk hedelmäsose 110g, Unit Price: 1,10 €, Comparison Price: 10,00 €/kg
Product: Semper Fruktmums Mango 6kk hedelmäsose 110g, Unit Price: 1,10 €, Comparison Price: 10,00 €/kg
Product: Semper Yogomums Omena Banaani Vadelma 12kk jogurtti hedelmäsose 120g, Unit Price: 1,09 €, Comparison Price: 9,08 €/kg
Product: Rainbow smoothie päärynä, banaani & mansikka luomu 90 g 6 kk, Unit Price: 0,75 €, Comparison Price: 8,33 €/kg
Product: Saarioinen Kirjolohikeitto 300g, Unit Price: 2,49 €, Comparison Price: 8,30 €/kg
Product: Fresh Hetki Suosikkisalaatti Kana-caesar 230 g, Unit Price: 3,99 €, Comparison Price: 17,35 €/kg
Product: Coop kana-taco salaatti 300 g, Unit Price: 3,49 €, Comparison Price: 11,63 €/kg
Product: Fresh Hetki Suosikkisalaatti Kreikkalainen 270g, Unit Price: 3,99 €, Comparison Price: 14,78 €/kg
Product: Fresh Hetki Suosikkisalaatti Tonnikala-Pasta 270g, Unit Price: 3,99 €, Comparison Price: 14,78 €/kg
Product: Fresh Hetki Suosikkisalaatti Kana-Taco 250g, Unit Price: 3,99 €, Comparison Price: 15,96 €/kg
Product: Coop kreikkalainen salaatti 300 g, Unit Price: 3,49 €, Comparison Price: 11,63 €/kg
Product: Coop tonnikala-pastasalaatti 300 g, Unit Price: 3,49 €, Comparison Price: 11,63 €/kg
Product: Fresh Hetki Suosikkisalaatti Leipäjuusto 250g, Unit Price: 3,99 €, Comparison Price: 15,96 €/kg
Product: Fresh Hetki Suosikkisalaatti Mozzarella 230g, Unit Price: 3,99 €, Comparison Price: 17,35 €/kg
Product: Fresh Hetki Suosikkisalaatti Cobb 245g, Unit Price: 3,99 €, Comparison Price: 16,29 €/kg
Product: Fresh Hetki Ruokaisa Korealainen kanasalaatti 300 g, Unit Price: 4,69 €, Comparison Price: 15,63 €/kg
Product: Saarioinen Tonnikala-pastasalaatti 250g, Unit Price: 2,95 €, Comparison Price: 11,80 €/kg
Product: Fresh Hetki Arki Kana-pastasalaatti 200 g, Unit Price: 2,99 €, Comparison Price: 14,95 €/kg
Product: Mäkitalon Farmi Salaattiateria Kana-caesarsalaatti 210g, Unit Price: 3,99 €, Comparison Price: 19,00 €/kg
Product: Fresh Hetki Ruokaisa Välimeren kanasalaatti 300 g, Unit Price: 4,69 €, Comparison Price: 15,63 €/kg
Product: Fresh Hetki Ruokaisa Satay kanasalaatti 300 g, Unit Price: 4,69 €, Comparison Price: 15,63 €/kg
Product: Fresh Hetki Suosikkisalaatti Kana 280 g, Unit Price: 3,99 €, Comparison Price: 14,25 €/kg
Product: Herkku Classics ravunpyrstö-caesarsalaatti 220 g, Unit Price: 6,59 €, Comparison Price: 29,95 €/kg
Product: Fresh Hetki Kana-tacosalaatti 550g, Unit Price: 7,99 €, Comparison Price: 14,53 €/kg
Product: Fresh Hetki Kana-Caesarsalaatti 550g, Unit Price: 7,99 €, Comparison Price: 14,53 €/kg
Product: Fresh Hetki Arki Juusto-pastasalaatti 200 g, Unit Price: 2,99 €, Comparison Price: 14,95 €/kg
Product: Mäkitalon Farmi Salaattiateria Kana-taco 235g, Unit Price: 3,99 €, Comparison Price: 16,98 €/kg
Product: Fresh Hetki Lounassalaatti Kana-pitachips 240 g, Unit Price: 3,99 €, Comparison Price: 16,63 €/kg
Product: Fresh Hetki Ruokaisa Italialainen juustosalaatti 300 g, Unit Price: 4,69 €, Comparison Price: 15,63 €/kg
Product: Rainbow vihreä siemenetön viinirypäle 500 g, Unit Price: 2,20 €, Comparison Price: 4,40 €/kg
Product: HK Burgeri 100 g, Unit Price: 0,63 €, Comparison Price: 6,30 €/kg
Product: Coop Hot Dog laktoositon 100g, Unit Price: 0,99 €, Comparison Price: 9,90 €/kg
Product: Abbelen Cheese Burger 2kpl, Unit Price: 2,99 €, Comparison Price: 11,96 €/kg
Product: Atria Kunnon Arki Hot Dog 115g, Unit Price: 1,65 €, Comparison Price: 14,35 €/kg
Product: Saarioinen ISO Härkä Burgeri; iso häränpihvihampurilainen 245g, Unit Price: 3,69 €, Comparison Price: 15,06 €/kg
Product: Saarioinen Kanahampurilainen 150g, Unit Price: 2,05 €, Comparison Price: 13,67 €/kg
Product: Saarioinen ISO Kana Burgeri; iso kanahampurilainen 220g, Unit Price: 3,69 €, Comparison Price: 16,77 €/kg
Product: Abbelen hot dog goudajuustolla vehnäsämpylän sisällä 2 x 100 g, Unit Price: 2,99 €, Comparison Price: 14,95 €/kg
Product: MUU Hodari 100 g, Unit Price: 1,65 €, Comparison Price: 16,50 €/kg
Product: Atria Kunnon Arki Juustokerrosburgeri 180g, Unit Price: 1,99 €, Comparison Price: 11,06 €/kg
Product: Atria Kunnon Arki Kanaburgeri 115g, Unit Price: 1,49 €, Comparison Price: 12,96 €/kg
Product: HoviRuoka 110g Vege Burger, Unit Price: 1,09 €, Comparison Price: 9,91 €/kg
Product: Saarioinen Pihvihampurilainen 150g, Unit Price: 2,05 €, Comparison Price: 13,67 €/kg
Product: Atria Kunnon Arki Burgeri 100g, Unit Price: 1,15 €, Comparison Price: 11,50 €/kg
Product: Kokkikartano Kebabhampurilainen 175g, Unit Price: 2,49 €, Comparison Price: 14,23 €/kg
Product: Kokkikartano Pihvihampurilainen 200g, Unit Price: 3,49 €, Comparison Price: 17,45 €/kg
Product: MUU Hamppari 115 g, Unit Price: 1,99 €, Comparison Price: 17,30 €/kg
Product: Saarioinen ISO Kasvis-juusto Burgeri; Iso Kasvis-juustohampurilainen 220g, Unit Price: 3,69 €, Comparison Price: 16,77 €/kg
Product: Kokkikartano Gyros Hampurilainen 175g, Unit Price: 2,55 €, Comparison Price: 14,57 €/kg
Product: Kokkikartano Pihvihampurilainen gluteeniton 195g, Unit Price: 4,55 €, Comparison Price: 23,33 €/kg
Product: Saarioinen Siskonmakkarakeitto 300g, Unit Price: 2,49 €, Comparison Price: 8,30 €/kg
Product: Saarioinen Bataattisosekeitto 300g, Unit Price: 2,29 €, Comparison Price: 7,63 €/kg
Product: Saarioinen Savuporo-juustokeitto 300g, Unit Price: 2,49 €, Comparison Price: 8,30 €/kg
Product: Kotimaista isot vapaan kanan munat L15 1020 g, Unit Price: 3,79 €, Comparison Price: 3,72 €/kg
Product: Tomaatti Suomi, Unit Price: 0,25 €, Comparison Price: 2,39 €/kg
Product: Kotimaista 200g mustikka pakaste, Unit Price: 1,73 €, Comparison Price: 8,65 €/kg
Product: Pakkasmarja 100% suomalainen mustaherukka 200g, Unit Price: 1,55 €, Comparison Price: 7,75 €/kg
Product: Pakkasmarja 100% suomalainen mansikka 1kg, Unit Price: 9,49 €, Comparison Price: 9,49 €/kg
Product: Apetit Kotimainen Herne pakaste 200g, Unit Price: 0,85 €, Comparison Price: 4,25 €/kg
Product: Kotimaista 200g puolukka pakaste, Unit Price: 0,79 €, Comparison Price: 3,95 €/kg
Product: Pakkasmarja 1kg 100% suomalainen mustikka, Unit Price: 9,15 €, Comparison Price: 9,15 €/kg
Product: Oolannin uunirapeat ranskanperunat 500g, Unit Price: 1,80 €, Comparison Price: 3,60 €/kg
Product: Mummon poimutetut ranskanperunat 450 g, pakaste, Unit Price: 1,19 €, Comparison Price: 2,64 €/kg
Product: Xtra poimutetut ranskanperunat pakaste 1 kg, Unit Price: 1,39 €, Comparison Price: 1,39 €/kg
Product: Kotimaista Peruna-sipulisekoitus pakaste 1kg, Unit Price: 1,49 €, Comparison Price: 1,49 €/kg
Product: Rainbow 450g/18kpl kalapuikot MSC pakaste, Unit Price: 2,49 €, Comparison Price: 5,53 €/kg
Product: Pakkasmarja 200g suomalainen puutarhavadelma, Unit Price: 4,59 €, Comparison Price: 22,95 €/kg
Product: Fazer Geisha Crunchy jäätelöpuikko 64g/90ml, Unit Price: 1,95 €, Comparison Price: 30,47 €/kg
Product: Pakkasmarja 250g Suomalainen Kuningas Marjasekoitus, Unit Price: 3,15 €, Comparison Price: 12,60 €/kg
Product: Apetit Kotimainen Peruna&keittokasvis pakaste 750g, Unit Price: 2,15 €, Comparison Price: 2,87 €/kg
Product: Apetit Kotimainen Hienonnettu pinaatti paloina pakaste 150g, Unit Price: 1,15 €, Comparison Price: 7,67 €/kg
Product: Mummon poimutetut ranskanperunat 750 g, pakaste, Unit Price: 2,30 €, Comparison Price: 3,07 €/kg
Product: Oolannin uunirapeat sileät ranskanperunat 1kg, Unit Price: 3,45 €, Comparison Price: 3,45 €/kg
Product: Pakkasmarja  100% suomalainen punaherukka 200g, Unit Price: 1,59 €, Comparison Price: 7,95 €/kg
Product: Puffet Päärynä Laktoositon välipalajäätelö 62g/1,1dl, Unit Price: 1,69 €, Comparison Price: 27,26 €/kg
Product: Pakkasmarja  100% suomalainen mansikka 250g, Unit Price: 2,95 €, Comparison Price: 11,80 €/kg
Product: Rainbow Croissants 330g raakapakaste, Unit Price: 2,99 €, Comparison Price: 9,06 €/kg
Product: Pakkasmarja 100% suomalainen mansikka 500g, Unit Price: 5,79 €, Comparison Price: 11,58 €/kg
Product: Pakkasmarja  100 % suomalainen mustikka 200g, Unit Price: 2,19 €, Comparison Price: 10,95 €/kg
Product: Forssan Perunasalaatti 400g, Unit Price: 1,99 €, Comparison Price: 4,97 €/kg
Product: Forssan Punajuurisalaatti 400g, Unit Price: 2,29 €, Comparison Price: 5,73 €/kg
Product: Kotimaista Aurinkosalaatti 350g, Unit Price: 1,48 €, Comparison Price: 4,23 €/kg
Product: Forssan Perunasalaatti 800g, Unit Price: 4,49 €, Comparison Price: 5,61 €/kg
Product: Kotimaista Coleslaw 350g, Unit Price: 1,85 €, Comparison Price: 5,29 €/kg
Product: Saarioinen Maalaisperunasalaatti 300g, Unit Price: 2,55 €, Comparison Price: 8,50 €/kg
Product: Kotimaista Perunasalaatti Kevyt 400g, Unit Price: 1,55 €, Comparison Price: 3,88 €/kg
Product: Forssan Italiansalaatti 400g, Unit Price: 2,29 €, Comparison Price: 5,73 €/kg
Product: Atria Coleslaw 300g, Unit Price: 2,39 €, Comparison Price: 7,97 €/kg
Product: Rasilaisen Hapankaali 400g, Unit Price: 2,39 €, Comparison Price: 5,98 €/kg
Product: Coop Tortelloni tuorepasta ilmakuivattu kinkku 250 g, Unit Price: 1,59 €, Comparison Price: 6,36 €/kg
Product: Coop Punajuurisalaatti 400g, Unit Price: 1,59 €, Comparison Price: 3,98 €/kg
Product: Saarioinen Punajuuri-piparjuurisalaatti 270g, Unit Price: 1,89 €, Comparison Price: 7,00 €/kg
Product: Pastella fettuccine pinaatti tuorepasta 250g, Unit Price: 2,39 €, Comparison Price: 9,56 €/kg
Product: Coop Tortelloni tuorepasta aurinkokuivattu tomaatti & juusto 250 g, Unit Price: 1,59 €, Comparison Price: 6,36 €/kg
Product: Forssan Omenapunajuurisalaatti 350g, Unit Price: 2,35 €, Comparison Price: 6,71 €/kg
Product: Coop Fettuccine tuorepasta 300 g, Unit Price: 1,69 €, Comparison Price: 5,63 €/kg
Product: Herkku ricotta-pinaattitortellonit 250 g, Unit Price: 2,59 €, Comparison Price: 10,36 €/kg
Product: Rana 500g peruna-gnocchit tuorepasta, Unit Price: 3,95 €, Comparison Price: 7,90 €/kg
Product: Forssan Kurkkuperunasalaatti 350g, Unit Price: 2,35 €, Comparison Price: 6,71 €/kg
Product: Pastella fettuccine naturel tuorepasta 250g, Unit Price: 2,39 €, Comparison Price: 9,56 €/kg
Product: Saarioinen Raikas kasvissalaatti 250g, Unit Price: 2,45 €, Comparison Price: 9,80 €/kg
Product: Forssan Raikas Kesäsalaatti 350g, Unit Price: 2,35 €, Comparison Price: 6,71 €/kg
Product: Atria Punajuurisalaatti 400g, Unit Price: 2,19 €, Comparison Price: 5,48 €/kg
Product: Fresh Hetki Suosikkisalaatti Kreikkalainen 270g, Unit Price: 2,99 €, Comparison Price: 11,07 €/kg
Product: Jupiter soittokello mini musta, Unit Price: 2,99 €, Comparison Price: 
Product: GameCraft pallopumppu Soccer Quicker, Unit Price: 4,99 €, Comparison Price: 
Product: GameCraft neulasetti pallopumppuihin 3 kpl, Unit Price: 2,95 €, Comparison Price: 
Product: Jupiter Yleisöljy spray 75ml, Unit Price: 3,99 €, Comparison Price: 53,20 €/l
Product: Sunmed urheiluteippi 3,8 cm x 10 m SMD, Unit Price: 3,99 €, Comparison Price: 
Product: Weldtite yleisöljy 100ml, Unit Price: 6,99 €, Comparison Price: 
Product: Jupiter polkupyörän paikkarasia 11 paikkaa, Unit Price: 2,99 €, Comparison Price: 
Product: Jupiter jalkapumppu kevyt, Unit Price: 7,99 €, Comparison Price: 
Product: Jupiter kuormaside 10 mm x 60 cm 2 kpl, Unit Price: 3,99 €, Comparison Price: 3,99 €/pr
Product: Wilson tennispallo US Open 4 kpl keltainen, Unit Price: 8,95 €, Comparison Price: 2,24 €/kpl
Product: Jupiter jalkapumppu mittarilla, Unit Price: 14,95 €, Comparison Price: 
Product: Jupiter retkipumppu 40 cm musta, Unit Price: 3,99 €, Comparison Price: 
Product: Jupiter rengasraudat 3 kpl, Unit Price: 1,99 €, Comparison Price: 
Product: Muc-Off kuivan kelin ketjuöljy 100ml, Unit Price: 5,99 €, Comparison Price: 
Product: Sunmed kinesioteippi 5 cm x 5 m beige, Unit Price: 5,29 €, Comparison Price: 
Product: Jupiter vaijerilukko 80 cm/12 mm, Unit Price: 5,99 €, Comparison Price: 
Product: Minijalkapallo koko 2, Unit Price: 6,95 €, Comparison Price: 
Product: Jupiter spiraalilukko koodilla 150 cm/8 mm, Unit Price: 7,99 €, Comparison Price: 
Product: Weldtite ketjuspray teflon 150ml, Unit Price: 6,99 €, Comparison Price: 
Product: SportMe minijalkapallo 14cm sateenkaari, Unit Price: 4,99 €, Comparison Price: 
Product: Vastuskuminauha 3 kpl IR97630, Unit Price: 3,99 €, Comparison Price: 1,33 €/kpl
Product: Sunmed urheiluteippi 2,5 cm x 10 m, Unit Price: 2,99 €, Comparison Price: 
Product: Jupiter juomapulloteline, Unit Price: 3,99 €, Comparison Price: 
Product: Jupiter soittokello mini hopea, Unit Price: 2,99 €, Comparison Price: 
Product: HK Burgeri 100 g, Unit Price: 0,63 €, Comparison Price: 6,30 €/kg
Product: Coop Hot Dog laktoositon 100g, Unit Price: 0,99 €, Comparison Price: 9,90 €/kg
Product: Abbelen Cheese Burger 2kpl, Unit Price: 2,99 €, Comparison Price: 11,96 €/kg
Product: Atria Kunnon Arki Hot Dog 115g, Unit Price: 1,65 €, Comparison Price: 14,35 €/kg
Product: Saarioinen ISO Härkä Burgeri; iso häränpihvihampurilainen 245g, Unit Price: 3,69 €, Comparison Price: 15,06 €/kg
Product: Saarioinen Kanahampurilainen 150g, Unit Price: 2,05 €, Comparison Price: 13,67 €/kg
Product: Saarioinen ISO Kana Burgeri; iso kanahampurilainen 220g, Unit Price: 3,69 €, Comparison Price: 16,77 €/kg
Product: Abbelen hot dog goudajuustolla vehnäsämpylän sisällä 2 x 100 g, Unit Price: 2,99 €, Comparison Price: 14,95 €/kg
Product: MUU Hodari 100 g, Unit Price: 1,65 €, Comparison Price: 16,50 €/kg
Product: Atria Kunnon Arki Juustokerrosburgeri 180g, Unit Price: 1,99 €, Comparison Price: 11,06 €/kg
Product: Atria Kunnon Arki Kanaburgeri 115g, Unit Price: 1,49 €, Comparison Price: 12,96 €/kg
Product: HoviRuoka 110g Vege Burger, Unit Price: 1,09 €, Comparison Price: 9,91 €/kg
Product: Saarioinen Pihvihampurilainen 150g, Unit Price: 2,05 €, Comparison Price: 13,67 €/kg
Product: Atria Kunnon Arki Burgeri 100g, Unit Price: 1,15 €, Comparison Price: 11,50 €/kg
Product: Kokkikartano Kebabhampurilainen 175g, Unit Price: 2,49 €, Comparison Price: 14,23 €/kg
Product: Kokkikartano Pihvihampurilainen 200g, Unit Price: 3,49 €, Comparison Price: 17,45 €/kg
Product: MUU Hamppari 115 g, Unit Price: 1,99 €, Comparison Price: 17,30 €/kg
Product: Saarioinen ISO Kasvis-juusto Burgeri; Iso Kasvis-juustohampurilainen 220g, Unit Price: 3,69 €, Comparison Price: 16,77 €/kg
Product: Kokkikartano Gyros Hampurilainen 175g, Unit Price: 2,55 €, Comparison Price: 14,57 €/kg
Product: Kokkikartano Pihvihampurilainen gluteeniton 195g, Unit Price: 4,55 €, Comparison Price: 23,33 €/kg
Product: Xtra cashewpähkinät natural 500 g, Unit Price: 4,69 €, Comparison Price: 9,38 €/kg
Product: Fazer Geisha Crunchy jäätelöpuikko 64g/90ml, Unit Price: 1,95 €, Comparison Price: 30,47 €/kg
Product: Puffet Päärynä Laktoositon välipalajäätelö 62g/1,1dl, Unit Price: 1,69 €, Comparison Price: 27,26 €/kg
Product: Xtra jäätelötuutit vanilja 960ml 8kpl, Unit Price: 1,19 €, Comparison Price: 2,48 €/kg
Product: Rainbow 415g suklaatuutit 6kpl, Unit Price: 2,25 €, Comparison Price: 5,42 €/kg
Product: Puffet Minttu välipalajäätelö 62g/1,1dl, Unit Price: 1,29 €, Comparison Price: 20,81 €/kg
Product: Rainbow 415g toffeetuutit 6kpl, Unit Price: 2,25 €, Comparison Price: 5,42 €/kg
Product: Fazer Liquorice Crunchy jäätelöpuikko 71g/90ml, Unit Price: 1,95 €, Comparison Price: 27,46 €/kg
Product: Rainbow 415g mansikkatuutit  6kpl, Unit Price: 2,25 €, Comparison Price: 5,42 €/kg
Product: Pingviini Vanilja kermajäätelö kotipakkaus 1L/495g, Unit Price: 1,75 €, Comparison Price: 1,75 €/l
Product: Classic Kermatoffee kermajäätelöpuikko 82g/100ml, Unit Price: 1,95 €, Comparison Price: 23,78 €/kg
Product: Puffet Vanilja välipalajäätelö 62g/1,1dl, Unit Price: 1,29 €, Comparison Price: 20,81 €/kg
Product: Aino Ihana maitosuklaa kermajäätelö kotipakkaus 530g/900ml, Unit Price: 5,49 €, Comparison Price: 6,10 €/l
Product: Fazer Premium Raspberry Yoghurt kermajäätelöpuikko 66g/94ml, Unit Price: 1,95 €, Comparison Price: 29,55 €/kg
Product: Ben & Jerry's Cookie Dough Vanilja Jäätelö 465ml/406g, Unit Price: 7,49 €, Comparison Price: 16,11 €/l
Product: Lipsi Vadelma mehujääpuikko 70ml/72g, Unit Price: 0,95 €, Comparison Price: 13,19 €/kg
Product: Pirulo Watermelon limonadijääpuikko 67g/0,73dl, Unit Price: 0,89 €, Comparison Price: 13,28 €/kg
Product: Pingviini Wanhan Ajan Vanilja kermajäätelö kotipakkaus 1L/540g, Unit Price: 2,29 €, Comparison Price: 2,29 €/l
Product: Rainbow mansikkatuutti 120ml/69g, Unit Price: 0,49 €, Comparison Price: 7,10 €/kg
Product: Rainbow Suklaan- ja vaniljanmakuista jäätelöä, suklaanmakuista kuorrutetta 12% ja karamellisoituja hasselpähkinöitä sisältävä kaakaokoristelu 1,4% vohvelissa 16% 120ml/69g, Unit Price: 0,49 €, Comparison Price: 7,10 €/kg
Product: Puffet Mansikka Laktoositon välipalajäätelö 62g/1,1dl, Unit Price: 1,69 €, Comparison Price: 27,26 €/kg
Product: Rainbow toffeetuutti 120ml/69g, Unit Price: 0,49 €, Comparison Price: 7,10 €/kg
Product: Twister  Pineapple Jäätelö     80ml/71g, Unit Price: 1,19 €, Comparison Price: 16,76 €/kg
Product: Bloks Jääpalat 1,5kg, Unit Price: 3,49 €, Comparison Price: 2,33 €/kg
Product: Fazer Ässä Mix limonadijääpuikko 90g/0.87dl, Unit Price: 1,65 €, Comparison Price: 18,33 €/kg
Product: LOTUS Soft Embo WC-paperi 8 rll, Unit Price: 4,49 €, Comparison Price: 0,56 €/kpl
Product: Kotimaista talouspaperi 4rl valkoinen, Unit Price: 2,59 €, Comparison Price: 0,65 €/kpl
Product: Kotimaista wc-paperi 8rl valkoinen, Unit Price: 3,79 €, Comparison Price: 0,47 €/kpl
Product: LOTUS Soft Embo wc-paperi 16 rll, Unit Price: 8,59 €, Comparison Price: 0,54 €/kpl
Product: Xtra wc-paperi 8 rll, Unit Price: 1,99 €, Comparison Price: 0,25 €/kpl
Product: Coop talouspaperi puoliarkki Dry & Strong 4 rl, Unit Price: 2,25 €, Comparison Price: 0,56 €/kpl
Product: LOTUS Soft Embo wc-paperi 32 rll, Unit Price: 17,09 €, Comparison Price: 0,53 €/kpl
Product: Serla Silkinpehmeä nenäliina 100kpl, Unit Price: 2,69 €, Comparison Price: 0,03 €/kpl
Product: Serla talouspaperi puoliarkki 4rl valkoinen, Unit Price: 3,19 €, Comparison Price: 0,80 €/kpl
Product: Xtra talouspaperi 4 rll, Unit Price: 1,95 €, Comparison Price: 0,49 €/kpl
Product: Rainbow jätekassi 30l 25kpl musta, Unit Price: 1,95 €, Comparison Price: 0,08 €/kpl
Product: Rainbow Silky Soft WC-paperi 6rl, Unit Price: 3,69 €, Comparison Price: 0,62 €/kpl
Product: Coop wc-paperi Nice & Soft 6rl, Unit Price: 2,49 €, Comparison Price: 0,42 €/kpl
Product: Serla Hellä WC-paperi 8rl valkoinen, Unit Price: 4,29 €, Comparison Price: 0,54 €/kpl
Product: Rainbow jätekassi 20l 25kpl valkoinen, Unit Price: 1,39 €, Comparison Price: 0,06 €/kpl
Product: Rainbow jätekassi 30l värillinen 25kpl, Unit Price: 1,95 €, Comparison Price: 0,08 €/kpl
Product: Rainbow biojätekassi 20l 10kpl, Unit Price: 1,39 €, Comparison Price: 0,14 €/kpl
Product: Coop wc-paperi Nice & Soft 16 rl, Unit Price: 5,95 €, Comparison Price: 0,37 €/kpl
Product: Lambi WC-paperi 8rl valkoinen, Unit Price: 4,89 €, Comparison Price: 0,61 €/kpl
Product: Serla Hellä WC-paperi 32rl valkoinen, Unit Price: 16,29 €, Comparison Price: 0,51 €/kpl
Product: LOTUS Emilia talouspaperi valkoinen 4 rll säkki, Unit Price: 2,95 €, Comparison Price: 0,74 €/kpl
Product: Coop wc-paperi Nice & Soft 24 rl, Unit Price: 8,39 €, Comparison Price: 0,35 €/kpl
Product: LOTUS Emilia talouspaperi valkoinen 16 rll, Unit Price: 10,95 €, Comparison Price: 0,68 €/kpl
Product: Fairy 500ml Original astianpesuaine, Unit Price: 3,19 €, Comparison Price: 6,38 €/l
Product: Fazer Remix karkkipussi 350g, Unit Price: 2,20 €, Comparison Price: 6,29 €/kg
Product: Kotimaista 200g puolukka pakaste, Unit Price: 0,79 €, Comparison Price: 3,95 €/kg
Product: Kotimaista 200g mustikka pakaste, Unit Price: 1,73 €, Comparison Price: 8,65 €/kg
Product: Coop Tortelloni tuorepasta ilmakuivattu kinkku 250 g, Unit Price: 1,59 €, Comparison Price: 6,36 €/kg
Product: Saarioinen Maksalaatikko 400g, Unit Price: 2,49 €, Comparison Price: 6,23 €/kg
Product: Saarioinen Maksalaatikko laktoositon/rusinaton 400g, Unit Price: 2,49 €, Comparison Price: 6,23 €/kg
Product: Saarioinen 400g lihamakaronilaatikko, Unit Price: 2,49 €, Comparison Price: 6,23 €/kg
Product: Saarioinen Lihaperunasoselaatikko 350g, Unit Price: 2,49 €, Comparison Price: 7,11 €/kg
Product: Kokkikartano Lohikiusaus 700g, Unit Price: 6,55 €, Comparison Price: 9,36 €/kg
Product: Atria Kunnon Arki Lihamakaronilaatikko 400g, Unit Price: 1,75 €, Comparison Price: 4,38 €/kg
Product: Coop Maksalaatikko Rusinoilla 400g, Unit Price: 1,59 €, Comparison Price: 3,98 €/kg
Product: Kotimaista Lihaperunasoselaatikko 350g, Unit Price: 1,75 €, Comparison Price: 5,00 €/kg
Product: Atria Kunnon Arki Maksalaatikko Rusinaton 400g, Unit Price: 1,79 €, Comparison Price: 4,47 €/kg
Product: Saarioinen Lasagne 300g, Unit Price: 2,95 €, Comparison Price: 9,83 €/kg
Product: Kotimaista Kirjolohikiusaus 300g, Unit Price: 1,89 €, Comparison Price: 6,30 €/kg
Product: Kokkikartano Kinkkukiusaus 700g, Unit Price: 6,55 €, Comparison Price: 9,36 €/kg
Product: Rainbow Spaghetti bolognese 400 g, Unit Price: 2,79 €, Comparison Price: 6,98 €/kg
Product: Saarioinen Broilermakaronilaatikko 400g, Unit Price: 2,55 €, Comparison Price: 6,37 €/kg
Product: Kokkikartano Lihakaalilaatikko 700g, Unit Price: 6,95 €, Comparison Price: 9,93 €/kg
Product: Via Pasta Bolognese 335 g, Unit Price: 3,95 €, Comparison Price: 11,79 €/kg
Product: Kokkikartano Lihamakaronilaatikko 300g, Unit Price: 3,65 €, Comparison Price: 12,17 €/kg
Product: Saarioinen Lihakaalilaatikko 380g, Unit Price: 3,95 €, Comparison Price: 10,39 €/kg
Product: Saarioinen Lihaperunalaatikko 350g, Unit Price: 2,55 €, Comparison Price: 7,29 €/kg
Product: Kokkikartano Nakkiperunamuusi 700g, Unit Price: 6,95 €, Comparison Price: 9,93 €/kg
Product: Saarioinen Silakkalaatikko 350g, Unit Price: 3,29 €, Comparison Price: 9,40 €/kg
Product: Saarioinen Vegemakaronilaatikko 350g, Unit Price: 2,55 €, Comparison Price: 7,29 €/kg
Product: HK Pikkusen Parempi Makaronilaatikko 300g, Unit Price: 2,99 €, Comparison Price: 9,97 €/kg
Product: Saarioinen Syömme Yhdessä Juustoinen lihamakaronilaatikko 650g, Unit Price: 5,99 €, Comparison Price: 9,22 €/kg
Product: Atria Porkkanaohukainen 400g, Unit Price: 2,49 €, Comparison Price: 6,23 €/kg
Product: Latz 400g Farmhouse Sensations Kanaa, Kalkkunaa ja makuna Kasviksia kissanruoka, Unit Price: 2,39 €, Comparison Price: 5,98 €/kg
Product: Strongbow British Dry siideri 5% 0,44 l, Unit Price: 3,19 €, Comparison Price: 6,91 €/l
Product: Kalaneuvos Kylmäsavukirjolohifilee siivu 150g vak, Unit Price: 5,39 €, Comparison Price: 35,93 €/kg
Product: Kalaneuvos Graavikirjolohifilee siivu vak 150g, Unit Price: 5,39 €, Comparison Price: 35,93 €/kg
Product: Xtra kylmäsavulohisiivu 100 g, Unit Price: 3,49 €, Comparison Price: 34,90 €/kg
Product: Rainbow 150g kylmäsavustettu kirjolohifilee viipaloitu, Unit Price: 4,89 €, Comparison Price: 32,60 €/kg
Product: Kalaneuvos Tuore kirjolohifilee, pala B 500 g vak, Unit Price: 10,95 €, Comparison Price: 21,90 €/kg
Product: Lohifilee C-leikkuu vac n. 1kg, Unit Price: 25,90 €, Comparison Price: 25,90 €/kg
Product: Saimaan Tuore ASC Kirjolohifilee Perhepakkaus 450g, Unit Price: 7,37 €, Comparison Price: 16,38 €/kg
Product: Hyvä Apaja Kirjolohipyörykät 300g, Unit Price: 3,29 €, Comparison Price: 10,97 €/kg
Product: Saimaan Tuore ASC kirjolohifilee 150g, Unit Price: 3,29 €, Comparison Price: 21,93 €/kg
Product: Rainbow kylmäsavulohiviipaleet 100g, Unit Price: 3,99 €, Comparison Price: 39,90 €/kg
Product: Lerøy 400g lohifileepala ASC, Unit Price: 12,90 €, Comparison Price: 32,25 €/kg
Product: Rainbow Lämminsavu Kirjolohifilee n. 700 g (600-1400 g), Unit Price: 17,43 €, Comparison Price: 24,90 €/kg
Product: Herkku Viipyillen kylmäsavustettu lohiviipale n. 120-150 g, Unit Price: 5,87 €, Comparison Price: 41,90 €/kg
Product: Kotimaista kirjolohifilee n. 700 g, Unit Price: 13,93 €, Comparison Price: 19,90 €/kg
Product: Abba sinappisilli 230g, Unit Price: 3,79 €, Comparison Price: 16,48 €/kg
Product: Xtra graavilohiviipaleet 100 g, Unit Price: 3,49 €, Comparison Price: 34,90 €/kg
Product: Rainbow 150g graavisuolattu kirjolohifilee viipaloitu, Unit Price: 4,89 €, Comparison Price: 32,60 €/kg
Product: Kotimaista kirjolohisuikale miedosti suolattu 250 g, Unit Price: 5,49 €, Comparison Price: 21,96 €/kg
Product: Hyvä Apaja jäämerensalaatti 200g, Unit Price: 3,89 €, Comparison Price: 19,45 €/kg
Product: Abba ranskalainen sipulisilli 240/120g, Unit Price: 3,79 €, Comparison Price: 31,58 €/kg
Product: Rainbow n. 250g savustettu ruodoton kirjolohifileepala, Unit Price: 6,69 €, Comparison Price: 26,75 €/kg
Product: Abba valkosipulisilli 225g, Unit Price: 3,79 €, Comparison Price: 16,84 €/kg
Product: Abba Silliherkku rapumarinoitu silli 220g, Unit Price: 3,79 €, Comparison Price: 17,23 €/kg
Product: Rainbow graavilohiviipaleet 100g, Unit Price: 3,99 €, Comparison Price: 39,90 €/kg
Product: Rainbow 415g toffeetuutit 6kpl, Unit Price: 1,99 €, Comparison Price: 4,80 €/kg
Product: Pingviini Vanilja kermajäätelö kotipakkaus 1L/495g, Unit Price: 1,75 €, Comparison Price: 1,75 €/l
Product: Twister  Pineapple Jäätelö     80ml/71g, Unit Price: 1,19 €, Comparison Price: 16,76 €/kg
Product: Via Pasta Bolognese 335 g, Unit Price: 3,95 €, Comparison Price: 11,79 €/kg
Product: Fazer Leipurit Cashew-karpalociabatta 380g, Unit Price: 4,49 €, Comparison Price: 11,82 €/kg
Product: LOTUS Soft Embo WC-paperi 8 rll, Unit Price: 4,49 €, Comparison Price: 0,56 €/kpl
Product: Kotimaista jääsalaatti 100g Suomi, Unit Price: 0,99 €, Comparison Price: 9,90 €/kg
Product: Fazer Imatran Riisipiirakka 6kpl 420g, Unit Price: 2,29 €, Comparison Price: 5,45 €/kg
Product: Bakerika Salted Chocolate Chip keksitaikina 210g, pakaste, Unit Price: 3,49 €, Comparison Price: 16,62 €/kg
Product: Herkkä Snacks Tofunkaltainen Valkosipuli & Yrtit 200g, Unit Price: 3,49 €, Comparison Price: 17,45 €/kg
Product: Rebl Eats Spicy Italian täytetty leipä 185g, Unit Price: 3,99 €, Comparison Price: 21,57 €/kg
Product: Vöner Köftis 390g, Unit Price: 3,99 €, Comparison Price: 10,23 €/kg
Product: Rebl Eats Ruis-Porkkala täytetty leipä 195g, Unit Price: 3,99 €, Comparison Price: 20,46 €/kg
Product: Rebl Eats Smokey BBQ täytetty leipä 195g, Unit Price: 3,99 €, Comparison Price: 20,46 €/kg
Product: Bakerika Peanut Butter Chocolate Chip keksitaikina 210g, pakaste, Unit Price: 3,49 €, Comparison Price: 16,62 €/kg
Product: Twisted oats omena-kinuskipulla tuorepuuroherkku 145g, Unit Price: 1,89 €, Comparison Price: 13,03 €/kg
Product: Norron Kalawursti chorizo  200g, Unit Price: 3,99 €, Comparison Price: 19,95 €/kg
Product: Herkkä Snacks Tofunkaltainen Naturel 200g, Unit Price: 3,49 €, Comparison Price: 17,45 €/kg
Product: Twisted oats suklaabrownie tuorepuuroherkku 145g, Unit Price: 1,89 €, Comparison Price: 13,03 €/kg
Product: Norron Kalawursti sitruuna & meirami 200g, Unit Price: 3,99 €, Comparison Price: 19,95 €/kg
Product: Atria Pinaattiohukainen 400g, Unit Price: 1,89 €, Comparison Price: 4,72 €/kg
Product: Kivikylän Palvarin Lihapyörykkä 350g, Unit Price: 3,09 €, Comparison Price: 8,83 €/kg
Product: HK Lihapyörykät 360 g, Unit Price: 0,95 €, Comparison Price: 2,64 €/kg
Product: Snellman Kunnon lihapullat 300g, Unit Price: 2,49 €, Comparison Price: 8,30 €/kg
Product: Atria Porkkanaohukainen 400g, Unit Price: 2,49 €, Comparison Price: 6,23 €/kg
Product: Atria Rahkaohukainen Omena-Kaneli 380g, Unit Price: 2,49 €, Comparison Price: 6,55 €/kg
Product: Atria Rahkaohukainen Kaakao-Vadelma 380g, Unit Price: 2,49 €, Comparison Price: 6,55 €/kg
Product: Atria Veriohukainen 400g, Unit Price: 1,89 €, Comparison Price: 4,72 €/kg
Product: Riitan Herkku  Räiskäleet 360g, Unit Price: 2,45 €, Comparison Price: 6,81 €/kg
Product: Riitan Herkku Pinaattiräiskäleet 360g, Unit Price: 2,39 €, Comparison Price: 6,64 €/kg
Product: HoviRuoka Vegaaninen pinaattilettu 240g, Unit Price: 2,25 €, Comparison Price: 9,38 €/kg
Product: Xtra ohukaiset 480 g, Unit Price: 1,99 €, Comparison Price: 4,15 €/kg
Product: Atria Ohukainen 400g, Unit Price: 2,49 €, Comparison Price: 6,23 €/kg
Product: Boltsi Original kaura-siemenpyörykkä 230 g, Unit Price: 2,09 €, Comparison Price: 9,09 €/kg
Product: Kruunu Herkku Luomu pinaattiletut 350g, Unit Price: 4,49 €, Comparison Price: 12,83 €/kg
Product: Saarioinen Kasvispyörykät 230g, Unit Price: 2,75 €, Comparison Price: 11,96 €/kg
Product: Saarioinen Broilerpyörykät 400g, Unit Price: 2,99 €, Comparison Price: 7,48 €/kg
Product: Kivikylän Kot&Go Kanafileepyörykät 300g, Unit Price: 3,09 €, Comparison Price: 10,30 €/kg
Product: MUU Pyörykkä 210 g, Unit Price: 2,95 €, Comparison Price: 14,05 €/kg
Product: Fallero Paahdettu Punajuuri Härkäpapufalafel 210 g, Unit Price: 3,29 €, Comparison Price: 15,67 €/kg
Product: Kivikylän Palvarin Gluteeniton Lihapulla 300 g, Unit Price: 3,09 €, Comparison Price: 10,30 €/kg
Product: Kokkikartano Lihapullat 300g, Unit Price: 3,99 €, Comparison Price: 13,30 €/kg
Product: Boltsi Chili-tomaatti kaura-siemenpyörykkä 230 g, Unit Price: 2,09 €, Comparison Price: 9,09 €/kg
Product: Baba Falafel Original 230g, Unit Price: 3,29 €, Comparison Price: 14,95 €/kg
Product: Innocent 900 ml Innocent 900 ml Orange juice with bits, Unit Price: 3,99 €, Comparison Price: 4,21 €/l
Product: Innocent 900 ml Orange juice without bits, Unit Price: 3,99 €, Comparison Price: 4,21 €/l
Product: Don Simon 100% tuorepuristettu appelsiinimehu 1L, Unit Price: 4,19 €, Comparison Price: 3,79 €/l
Product: 10 x Coop päärynäjuoma 2dl, Unit Price: 2,99 €, Comparison Price: 1,50 €/l
Product: Don Simon 100% tuorepuristettu appelsiinimehu hedelmälihalla 1L, Unit Price: 4,19 €, Comparison Price: 3,79 €/l
Product: 10 x Coop vadelma-mansikka juoma 2dl, Unit Price: 3,09 €, Comparison Price: 1,55 €/l
Product: Coop päärynäjuoma 2dl, Unit Price: 0,45 €, Comparison Price: 2,25 €/l
Product: Innocent 900 ml Apple juice, Unit Price: 3,99 €, Comparison Price: 4,21 €/l
Product: God Morgon Fruit Crush Appelsiini & mango mehujuoma 1 L, Unit Price: 2,55 €, Comparison Price: 2,55 €/l
Product: God Morgon Fruit Crush Omena & raparperi mehujuoma 1 L, Unit Price: 2,55 €, Comparison Price: 2,55 €/l
Product: Coop vadelma-mansikka juoma 2dl, Unit Price: 0,45 €, Comparison Price: 2,25 €/l
Product: Valio Gefilus® mehu 1 l omena-päärynä-lime+magnesium, Unit Price: 2,59 €, Comparison Price: 2,59 €/l
Product: Don Simon Naranja 100% tuorepuristettu appelsiinimehu hedelmälihalla 1L, Unit Price: 3,19 €, Comparison Price: 3,19 €/l
Product: Xtra mansikkakeitto sokeriton 1l, Unit Price: 1,55 €, Comparison Price: 1,55 €/l
Product: Raikastamo Appelsiini täysmehu Luomu 1L LV-BIO-02, Unit Price: 3,09 €, Comparison Price: 3,09 €/l
Product: Don Simon Naranja 100% tuorepuristettu appelsiinimehu 1L, Unit Price: 3,19 €, Comparison Price: 3,19 €/l
Product: Valio uuniomenakeitto 1 kg ei lisättyä sokeria, makeutusaineeton, Unit Price: 2,65 €, Comparison Price: 2,65 €/kg
Product: Segafredo Latte Macchiato maitokahvijuoma  235ml vähälaktoosinen RAC, Unit Price: 1,79 €, Comparison Price: 7,62 €/l
Product: Segafredo Vanilla Espresso+Milk maitokahvijuoma 235ml vähälaktoosinen RAC, Unit Price: 1,79 €, Comparison Price: 7,62 €/l
Product: Segafredo Caramel Macchiato maitokahvijuoma 235ml vähälaktoosinen RAC, Unit Price: 1,79 €, Comparison Price: 7,62 €/l
Product: Raikastamo Omena täysmehu Luomu 1L LV-BIO-02, Unit Price: 2,99 €, Comparison Price: 2,99 €/l
Product: Starbucks 220 ml  Caramel Macchiato jääkahvi maitokahvijuoma, Unit Price: 1,99 €, Comparison Price: 9,05 €/l
Product: Coop appelsiini-colajuoma 2dl, Unit Price: 0,45 €, Comparison Price: 2,25 €/l
Product: Bos brands orgaaninen rooibos jäätee persikka 1L PET pullo, Unit Price: 3,69 €, Comparison Price: 3,69 €/l
Product: Castelli Parmigiano Reggiano tuoreraaste 70 g, Unit Price: 2,45 €, Comparison Price: 35,00 €/kg
Product: PrimaCat Viljaton lohi aikuisille kissoille 400 g, Unit Price: 4,49 €, Comparison Price: 11,23 €/kg
Product: Fazer Alku Kaurakuitu & pellava puuro 500 g, Unit Price: 2,45 €, Comparison Price: 4,90 €/kg
Product: Atria Pinaattiohukainen 400g, Unit Price: 1,89 €, Comparison Price: 4,72 €/kg
Product: Atria Porkkanaohukainen 400g, Unit Price: 2,49 €, Comparison Price: 6,23 €/kg
Product: Atria Rahkaohukainen Omena-Kaneli 380g, Unit Price: 2,49 €, Comparison Price: 6,55 €/kg
Product: Atria Rahkaohukainen Kaakao-Vadelma 380g, Unit Price: 2,49 €, Comparison Price: 6,55 €/kg
Product: Atria Veriohukainen 400g, Unit Price: 1,89 €, Comparison Price: 4,72 €/kg
Product: Riitan Herkku  Räiskäleet 360g, Unit Price: 2,45 €, Comparison Price: 6,81 €/kg
Product: Riitan Herkku Pinaattiräiskäleet 360g, Unit Price: 2,39 €, Comparison Price: 6,64 €/kg
Product: HoviRuoka Vegaaninen pinaattilettu 240g, Unit Price: 2,25 €, Comparison Price: 9,38 €/kg
Product: Xtra ohukaiset 480 g, Unit Price: 1,99 €, Comparison Price: 4,15 €/kg
Product: Atria Ohukainen 400g, Unit Price: 2,49 €, Comparison Price: 6,23 €/kg
Product: Kruunu Herkku Luomu pinaattiletut 350g, Unit Price: 4,49 €, Comparison Price: 12,83 €/kg
Product: Latz 400g Countryside Sensations Nautaa, Kanaa ja makuna Kasviksia kissanruoka, Unit Price: 2,39 €, Comparison Price: 5,98 €/kg
Product: Valio uuniomenakeitto 1 kg ei lisättyä sokeria, makeutusaineeton, Unit Price: 2,65 €, Comparison Price: 2,65 €/kg
Product: Mutti Polpa hieno tomaattimurska 400g, Unit Price: 1,05 €, Comparison Price: 2,63 €/kg
Product: Coop tomaattimurska 400 g, Unit Price: 0,79 €, Comparison Price: 1,98 €/kg
Product: Rainbow 150/105g tonnikalaa paloina auringonkukkaöljyssä, Unit Price: 1,39 €, Comparison Price: 13,24 €/kg
Product: Rainbow 150/105g tonnikalaa paloina vedessä, Unit Price: 1,29 €, Comparison Price: 12,29 €/kg
Product: Xtra tomaattimurska 400 g, Unit Price: 0,35 €, Comparison Price: 0,87 €/kg
Product: Coop ananas pieninä paloina täysmehussa 227/140 g, Unit Price: 0,89 €, Comparison Price: 6,36 €/kg
Product: Coop tomaattimurska yrteillä 390 g, Unit Price: 0,99 €, Comparison Price: 2,54 €/kg
Product: Mutti tuplakonsentroitu tomaattipyree 130g, Unit Price: 1,05 €, Comparison Price: 8,08 €/kg
Product: Rainbow 150g/105g tonnikalaa hiutaleina auringonkukkaöljyssä, Unit Price: 1,39 €, Comparison Price: 13,24 €/kg
Product: Coop tomaattipyree 200 g, Unit Price: 1,19 €, Comparison Price: 5,95 €/kg
Product: Mutti tuplakonsentroitu tomaattipyree 140g, Unit Price: 0,95 €, Comparison Price: 6,79 €/kg
Product: Rainbow ananaspalat mehussa 227/140g, Unit Price: 0,95 €, Comparison Price: 6,79 €/kg
Product: Rainbow paseerattu tomaatti luomu 500g, Unit Price: 0,89 €, Comparison Price: 1,78 €/kg
Product: Mutti aromaattinen pizzakastike 400g, Unit Price: 1,69 €, Comparison Price: 4,22 €/kg
Product: Coop punaiset kidneypavut suolaliemessä 380/230 g, Unit Price: 0,75 €, Comparison Price: 3,26 €/kg
Product: Del Monte 230g Ananaspaloja mehussa, Unit Price: 1,25 €, Comparison Price: 8,93 €/kg
Product: Coop tomaattipyree 70 g, Unit Price: 0,59 €, Comparison Price: 8,43 €/kg
Product: Rainbow tomaattimurska oregano ja basilika luomu 390 g, Unit Price: 0,83 €, Comparison Price: 2,13 €/kg
Product: Coop tomaattimurska valkosipuli 400 g, Unit Price: 0,99 €, Comparison Price: 2,47 €/kg
Product: Coop tomaattimurska chili 400 g, Unit Price: 0,99 €, Comparison Price: 2,47 €/kg
Product: GoGreen Mustapavut 380g, Unit Price: 1,55 €, Comparison Price: 6,74 €/kg
Product: Nuts about Nature 100% Maapähkinävoi Smooth 340g, Unit Price: 2,89 €, Comparison Price: 8,50 €/kg
Product: GoGreen Luomu Kikherneet 380g, Unit Price: 1,59 €, Comparison Price: 6,91 €/kg
Product: Rainbow 150/105g keltaevätonnikalaa paloina auringonkukkaöljyssä, Unit Price: 2,49 €, Comparison Price: 23,71 €/kg
Product: Colgate Karies Kontroll hammastahna 20ml, Unit Price: 0,75 €, Comparison Price: 37,50 €/l
Product: Granarolo burrata 125g, Unit Price: 3,19 €, Comparison Price: 25,52 €/kg
Product: Myllärin Luomu Kuituinen Kaurahiutale 650 g, Unit Price: 1,95 €, Comparison Price: 3,00 €/kg
Product: Atria Pinaattiohukainen 400g, Unit Price: 1,89 €, Comparison Price: 4,72 €/kg
Product: Atria Porkkanaohukainen 400g, Unit Price: 2,49 €, Comparison Price: 6,23 €/kg
Product: Atria Rahkaohukainen Omena-Kaneli 380g, Unit Price: 2,49 €, Comparison Price: 6,55 €/kg
Product: Atria Rahkaohukainen Kaakao-Vadelma 380g, Unit Price: 2,49 €, Comparison Price: 6,55 €/kg
Product: Atria Veriohukainen 400g, Unit Price: 1,89 €, Comparison Price: 4,72 €/kg
Product: Riitan Herkku  Räiskäleet 360g, Unit Price: 2,45 €, Comparison Price: 6,81 €/kg
Product: Riitan Herkku Pinaattiräiskäleet 360g, Unit Price: 2,39 €, Comparison Price: 6,64 €/kg
Product: HoviRuoka Vegaaninen pinaattilettu 240g, Unit Price: 2,25 €, Comparison Price: 9,38 €/kg
Product: Xtra ohukaiset 480 g, Unit Price: 1,99 €, Comparison Price: 4,15 €/kg
Product: Atria Ohukainen 400g, Unit Price: 2,49 €, Comparison Price: 6,23 €/kg
Product: Kruunu Herkku Luomu pinaattiletut 350g, Unit Price: 4,49 €, Comparison Price: 12,83 €/kg
Product: Kokkikartano Lohikeitto 350g, Unit Price: 4,69 €, Comparison Price: 13,40 €/kg
Product: Atria Kunnon Arki Lihapullat ja Muusi 300g, Unit Price: 1,95 €, Comparison Price: 6,50 €/kg
Product: Via Kana-sitruunarisotto 320 g, Unit Price: 3,95 €, Comparison Price: 12,34 €/kg
Product: Atria Kunnon Arki Nakkikastike Muusilla 300g, Unit Price: 1,85 €, Comparison Price: 6,17 €/kg
Product: Kokkikartano Lihapyörykät ja muusi 350g, Unit Price: 4,95 €, Comparison Price: 14,14 €/kg
Product: Kokkikartano Paneroitu kalaleike ja muusi 350g, Unit Price: 4,95 €, Comparison Price: 14,14 €/kg
Product: Kokkikartano Kiovan kana ja muusi 350g, Unit Price: 4,95 €, Comparison Price: 14,14 €/kg
Product: Saarioinen Härkäruukku; liha-herkkusieniruukku riisillä 300g, Unit Price: 3,55 €, Comparison Price: 11,83 €/kg
Product: Via Chicken Tikka Masala 320 g, Unit Price: 3,95 €, Comparison Price: 12,34 €/kg
Product: HK Kalapaistos 300 g, Unit Price: 2,99 €, Comparison Price: 9,97 €/kg
Product: Atria Kunnon Arki Kermainen Kanakastike ja Riisi 300g, Unit Price: 1,95 €, Comparison Price: 6,50 €/kg
Product: HK Pyttipannu 250 g, Unit Price: 2,25 €, Comparison Price: 9,00 €/kg
Product: Kokkikartano Kebab riisillä 350g, Unit Price: 4,95 €, Comparison Price: 14,14 €/kg
Product: Atria Artesaani Kanafileetä Paprikavoilla ja Paahdetut Kasvikset 350g, Unit Price: 5,49 €, Comparison Price: 15,69 €/kg
Product: Via Red Thai curry 320g, Unit Price: 3,95 €, Comparison Price: 12,34 €/kg
Product: Kokkikartano Wieninleike ja muusi 350g, Unit Price: 4,95 €, Comparison Price: 14,14 €/kg
Product: Saarioinen Broileria kermakastikkeessa 320g, Unit Price: 3,49 €, Comparison Price: 10,91 €/kg
Product: Saarioinen Kana-nuudeliruukku; nuudeli-broilerruukku kasviksilla 300g, Unit Price: 3,55 €, Comparison Price: 11,83 €/kg
Product: Atria Metsästäjänpihvi Sienikastikkeella 350g, Unit Price: 3,98 €, Comparison Price: 11,37 €/kg
Product: Atria Artesaani Härkää Puolukka-Pippurikastikkeella ja Kermaperunoita 350g, Unit Price: 4,99 €, Comparison Price: 14,26 €/kg
Product: Atria Artesaani Paneroitua Possua Konjakki-Pippurikastikkeella ja Kermaperunat 350g, Unit Price: 4,99 €, Comparison Price: 14,26 €/kg
Product: Atria Pippuripihvi ja Pannuperunat 350g, Unit Price: 3,99 €, Comparison Price: 11,40 €/kg
Product: Kokkikartano Savulohikiusaus 300g, Unit Price: 3,65 €, Comparison Price: 12,17 €/kg
Product: Atria Kunnon Arki Kalapuikot ja Muusi 300g, Unit Price: 2,39 €, Comparison Price: 7,97 €/kg
Product: HDPE Henkselikassi 3kg 250kpl/rll, Unit Price: 1,95 €, Comparison Price: 0,01 €/kpl
Product: Sanka-BioskaPlus 30L biojätekassi, Unit Price: 3,59 €, Comparison Price: 0,24 €/kpl
Product: HDPE-Henkselikassi 7kg, 200kpl/rll, Unit Price: 2,95 €, Comparison Price: 0,01 €/kpl
Product: Sanka-BioskaPlus 20L biojätekassi, Unit Price: 3,29 €, Comparison Price: 0,22 €/kpl
Product: Wettex Classic sieniliina 10 kpl Nordic Selection, Unit Price: 4,69 €, Comparison Price: 0,47 €/kpl
Product: Frida astianpesusieni jossa täytettävä kahva pesuaineelle, Unit Price: 3,95 €, Comparison Price: 
Product: Frida astianpesusienen vaihtopää 3 kpl, Unit Price: 2,95 €, Comparison Price: 0,98 €/kpl
Product: Sini Puhdistusterä, Unit Price: 6,69 €, Comparison Price: 
Product: Sini Pikakuivain, Unit Price: 19,95 €, Comparison Price: 
Product: Smart Scrubber pesusieni pesuaineella vihreä, Unit Price: 1,79 €, Comparison Price: 
Product: Yleispuhdistusliinat 30 kpl vihreä väri, Unit Price: 9,95 €, Comparison Price: 0,33 €/kpl
Product: Akro miniharja 1kpl, Unit Price: 1,99 €, Comparison Price: 
Product: Smart Scrubber pesusieni pesuaineella harmaa, Unit Price: 1,79 €, Comparison Price: 
Product: Akro juuresharja kuorinta terällä 1kpl, Unit Price: 3,95 €, Comparison Price: 
Product: Sini Ikkunanpesin 33 cm, Unit Price: 12,95 €, Comparison Price: 
Product: Vileda Ikkunaliina 2 kpl, Unit Price: 4,95 €, Comparison Price: 2,48 €/kpl
Product: Sini Vaihtopäällinen ikkunanpesin-kuivaimeen, Unit Price: 6,95 €, Comparison Price: 
Product: Vileda Turbo Smart poljinsanko-moppisetti, Unit Price: 38,90 €, Comparison Price: 
Product: Vileda Turbo 2in1 vaihtomoppi, Unit Price: 8,95 €, Comparison Price: 
Product: McLean Muovikassit kantokahvalla HD 5L, 40kpl/rll, Unit Price: 0,99 €, Comparison Price: 0,02 €/kpl
Product: Vileda UltraMax Care vaihtomoppi, Unit Price: 13,95 €, Comparison Price: 
Product: URTEKRAM Luomu Gluteeniton Kaurahiutale 700g, Unit Price: 3,05 €, Comparison Price: 4,36 €/kg
Product: Sandels 4,7 % olut 0,568 l tlk, Unit Price: 3,29 €, Comparison Price: 5,53 €/l
Product: Baba Tahini seesaminsiementahna 200g, Unit Price: 4,49 €, Comparison Price: 22,45 €/kg
Product: Santa Maria 475g Nacho Chips -maissilastut, Unit Price: 2,99 €, Comparison Price: 6,29 €/kg
Product: Old El Paso Gluteeniton Tortilla 4kpl/215g, Unit Price: 3,99 €, Comparison Price: 18,56 €/kg
Product: Santa Maria White Corn Tortilla small maissitortilla (8-pack) 208g, Unit Price: 2,79 €, Comparison Price: 13,41 €/kg
Product: El Taco Truck Tortilla 320g, Unit Price: 1,99 €, Comparison Price: 6,22 €/kg
Product: Santa Maria Tortilla Oat Medium kauratortilla (6-pack) 240g, Unit Price: 2,59 €, Comparison Price: 10,79 €/kg
Product: Altin Aslan Durum vehnätortilla 540g 6kpl, Unit Price: 2,79 €, Comparison Price: 5,17 €/kg
Product: Coop tacomausteseos mild 36 g, Unit Price: 0,75 €, Comparison Price: 20,83 €/kg
Product: Coop fajitamausteseos mild 36 g, Unit Price: 0,32 €, Comparison Price: 8,89 €/kg
Product: Santa Maria Nacho Chips maissilastut 185g, Unit Price: 1,69 €, Comparison Price: 9,14 €/kg
Product: Santa Maria Tortilla Chips Salted suolatut maissilastut 185 g, Unit Price: 1,69 €, Comparison Price: 9,14 €/kg
Product: Santa Maria Tortilla Chips Salted suolatut maissilastut 475 g, Unit Price: 2,89 €, Comparison Price: 6,08 €/kg
Product: El Taco Truck Cheezy Jalapeno Sauce kastike 200ml, Unit Price: 2,79 €, Comparison Price: 13,95 €/kg
Product: Auran Cheddar juustokastike 120g, Unit Price: 1,99 €, Comparison Price: 16,58 €/kg
Product: Santa Maria Taco Shells Tacokuoret 12 kpl 135 g, Unit Price: 3,09 €, Comparison Price: 22,89 €/kg
Product: Coop juustokastike nachoille 260 g, Unit Price: 2,39 €, Comparison Price: 9,19 €/kg
Product: Auran Chili-cheddar juustokastike 120g, Unit Price: 1,99 €, Comparison Price: 16,58 €/kg
Product: Poppamies Texmex Spice Mix Tacos medium mausteseos 23g, Unit Price: 0,95 €, Comparison Price: 41,30 €/kg
Product: Coop tacomausteseos mild 3-pack 108 g, Unit Price: 1,99 €, Comparison Price: 18,43 €/kg
Product: Doritos Pure Paprika maustettu maissilastu 170g, Unit Price: 2,59 €, Comparison Price: 15,24 €/kg
Product: Old El Paso salsa Guacamole Dip 320g, Unit Price: 3,39 €, Comparison Price: 10,59 €/kg
Product: Doritos Cool American nacho maissilastu 170g, Unit Price: 2,59 €, Comparison Price: 15,24 €/kg
Product: Santa Maria Tortilla Chips Cheese juuston makuiset maissitortillalastut 185 g, Unit Price: 1,59 €, Comparison Price: 8,59 €/kg
Product: Poppamies Texmex Spice Mix Fajitas mausteseos 20g, Unit Price: 0,95 €, Comparison Price: 47,50 €/kg
Product: Santa Maria Taco Tubs tacokuoret 8 kpl, 145 g, Unit Price: 3,25 €, Comparison Price: 22,41 €/kg
Product: Via Kana-sitruunarisotto 320 g, Unit Price: 3,95 €, Comparison Price: 12,34 €/kg
Product: Via Red Thai curry 320g, Unit Price: 3,95 €, Comparison Price: 12,34 €/kg
Product: Saarioinen Kana-nuudeliruukku; nuudeli-broilerruukku kasviksilla 300g, Unit Price: 3,55 €, Comparison Price: 11,83 €/kg
Product: Kotimaista basilika, Unit Price: 1,49 €, Comparison Price: 
Product: Järvikylä min30g Basilika, Unit Price: 1,89 €, Comparison Price: 63,00 €/kg
Product: Järvikylä min50g Tilli, Unit Price: 1,55 €, Comparison Price: 14,76 €/kg
Product: Järvikylä min30g Korianteri, Unit Price: 1,89 €, Comparison Price: 63,00 €/kg
Product: Kotimaista tilli, Unit Price: 1,29 €, Comparison Price: 
Product: Kotimaista korianteri, Unit Price: 1,49 €, Comparison Price: 
Product: Kotimaista persilja, Unit Price: 1,29 €, Comparison Price: 
Product: Kotimaista minttu, Unit Price: 1,49 €, Comparison Price: 
Product: Järvikylä min50g Persilja, Unit Price: 1,55 €, Comparison Price: 31,00 €/kg
Product: Järvikylä min30g Ruohosipuli, Unit Price: 1,55 €, Comparison Price: 51,67 €/kg
Product: Kotimaista ruohosipuli, Unit Price: 1,29 €, Comparison Price: 
Product: Varpio Basilika, Unit Price: 2,45 €, Comparison Price: 
Product: Kotimaista tilli 30g, Unit Price: 1,19 €, Comparison Price: 39,67 €/kg
Product: Kotimaista lehtipersilja, Unit Price: 1,49 €, Comparison Price: 
Product: Järvikylä min25g Lehtipersilja, Unit Price: 1,89 €, Comparison Price: 75,60 €/kg
Product: Kotimaista timjami, Unit Price: 1,49 €, Comparison Price: 
Product: Varpio Tilli, Unit Price: 2,15 €, Comparison Price: 4,78 €/kg
Product: Luomu Alfalfa Silmusalaatti 110g, Unit Price: 2,59 €, Comparison Price: 23,55 €/kg
Product: Varpio Rucola, Unit Price: 2,45 €, Comparison Price: 
Product: Varpio Viinisuolaheinä, Unit Price: 2,45 €, Comparison Price: 
Product: Kotimaista persilja 30g, Unit Price: 1,19 €, Comparison Price: 39,67 €/kg
Product: Kotimaista vehnänoras, Unit Price: 1,49 €, Comparison Price: 
Product: Kotimaista sitruunamelissa, Unit Price: 1,49 €, Comparison Price: 
Product: Järvikylä min25g Timjami, Unit Price: 2,15 €, Comparison Price: 13,44 €/kg
Product: Kotimaista Kuorellinen nakki 400g, Unit Price: 3,49 €, Comparison Price: 8,73 €/kg
Product: Xtra jasmiiniriisi 1 kg, Unit Price: 1,99 €, Comparison Price: 1,99 €/kg
Product: Coop Asia kanamakuinen nuudeli 5 x 85 g, Unit Price: 2,69 €, Comparison Price: 6,33 €/kg
Product: Coop Asia kananmakuinen täysjyvänuudeli 5 x 85g, Unit Price: 2,69 €, Comparison Price: 6,33 €/kg
Product: Coop Asia vihanneksenmakuinen nuudeli 5 x 85 g, Unit Price: 2,69 €, Comparison Price: 6,33 €/kg
Product: Reeva Asia Paistetun kanan makuinen nuudeli 60g, Unit Price: 0,55 €, Comparison Price: 9,17 €/kg
Product: Coop Asia naudanlihanmakuinen nuudeli 5 x 85g, Unit Price: 2,69 €, Comparison Price: 6,33 €/kg
Product: Barilla Al Bronzo Mezzi Rigatoni durumvehnästä valmistettu pasta 400g, Unit Price: 2,25 €, Comparison Price: 5,63 €/kg
Product: Reeva Asia Ankanmakuinen nuudeli 60g, Unit Price: 0,55 €, Comparison Price: 9,17 €/kg
Product: Xtra pitkäjyväinen riisi 1 kg, Unit Price: 0,85 €, Comparison Price: 0,85 €/kg
Product: Xtra tagliatelle pasta 500 g, Unit Price: 1,45 €, Comparison Price: 2,90 €/kg
Product: Barilla Al Bronzo Spaghetti durumvehnästä valmistettu pasta 400g, Unit Price: 2,35 €, Comparison Price: 5,88 €/kg
Product: Felicia Linguine kaurapasta 250g, Unit Price: 2,50 €, Comparison Price: 10,00 €/kg
Product: Coop Gnocchi perunapasta 500 g, Unit Price: 1,69 €, Comparison Price: 3,38 €/kg
Product: Barilla Al Bronzo Fusilloni durumvehnästä valmistettu pasta 400g, Unit Price: 2,25 €, Comparison Price: 5,63 €/kg
Product: Barilla Al Bronzo Tortiglioni durumvehnästä valmistettu pasta 400g, Unit Price: 1,58 €, Comparison Price: 3,95 €/kg
Product: Knorr Tomato Penne Pasta 100 % luonnollisia ainesosia 300 g, Unit Price: 1,67 €, Comparison Price: 5,57 €/kg
Product: Nissin 90g Soba Cup Japanese Curry nuudeli, Unit Price: 2,19 €, Comparison Price: 24,33 €/kg
Product: Risella valmisriisi basmati Garam Masala 200g, Unit Price: 1,69 €, Comparison Price: 8,45 €/kg
Product: Felicia Mezzi Rigatoni kaurasta valmistettu kuviopasta 250g, Unit Price: 2,50 €, Comparison Price: 10,00 €/kg
Product: Felicia maissi-riisi Lasagnelevy 250 g luomu, Unit Price: 3,29 €, Comparison Price: 13,16 €/kg
Product: Ben's Original Valmisriisi Meksikolaiseen tapaan 220g, Unit Price: 2,05 €, Comparison Price: 9,32 €/kg
Product: Ben's Original Valmisriisi paahdetulla valkosipulilla 220g, Unit Price: 2,05 €, Comparison Price: 9,32 €/kg
Product: Ben's Original Jasmiini & basmati valmisriisi 220g, Unit Price: 2,05 €, Comparison Price: 9,32 €/kg
Product: Ben's Original Thai sweet chili valmisriisi 220g, Unit Price: 2,05 €, Comparison Price: 9,32 €/kg
Product: Keiju Rypsiöljy 500 ml, Unit Price: 2,15 €, Comparison Price: 4,30 €/l
Product: Paulig Juhla Mokka kahvi suodatinjauhatus 500g, Unit Price: 6,05 €, Comparison Price: 12,10 €/kg
Product: Kulta Katriina Perinteinen suodatinkahvi RAC 500g, Unit Price: 5,85 €, Comparison Price: 11,70 €/kg
Product: Kulta Katriina Tumma paahto suodatinkahvi RAC 500g, Unit Price: 5,85 €, Comparison Price: 11,70 €/kg
Product: Paulig Juhla Mokka Tumma Paahto kahvi suodatinjauhatus 500g, Unit Price: 6,05 €, Comparison Price: 12,10 €/kg
Product: Löfbergs Kharisma Suodatinkahvi 500g Rainforest alliance, Unit Price: 5,99 €, Comparison Price: 11,98 €/kg
Product: Xtra suodatinpussi 1x4 valkaisematon 200 kpl, Unit Price: 1,19 €, Comparison Price: 0,01 €/kpl
Product: Fredman suodatinpussi No 4 valkaisematon 180kpl, Unit Price: 2,25 €, Comparison Price: 0,01 €/kpl
Product: Kulta Katriina Luomu suodatinkahvi RAC 450g, Unit Price: 5,85 €, Comparison Price: 13,00 €/kg
Product: Paulig Juhla Mokka Samettinen kahvi suodatinjauhatus 475g, Unit Price: 6,05 €, Comparison Price: 12,74 €/kg
Product: Melitta 1x4/80 ruskea suodatinpaperi, Unit Price: 2,69 €, Comparison Price: 0,03 €/kpl
Product: Fredman Suodatinpussi No 4 valkaisematon 100kpl, Unit Price: 1,89 €, Comparison Price: 0,02 €/kpl
Product: Paulig Juhla Mokka Lempeä kahvi suodatinjauhatus 425g, Unit Price: 6,05 €, Comparison Price: 14,24 €/kg
Product: Rainbow 1x4 suodatinpussi valkaisematon 100kpl, Unit Price: 1,35 €, Comparison Price: 0,01 €/kpl
Product: Paulig Café New York kahvi suodatinjauhatus 500g, Unit Price: 6,85 €, Comparison Price: 13,70 €/kg
Product: Paulig Presidentti kahvi suodatinjauhatus 500g, Unit Price: 6,60 €, Comparison Price: 13,20 €/kg
Product: Xtra suodatinkahvi keskipaahtoinen 500 g, Unit Price: 1,99 €, Comparison Price: 3,98 €/kg
Product: Paulig Juhla Mokka Luomu kahvi suodatinjauhatus 400g, Unit Price: 6,05 €, Comparison Price: 15,12 €/kg
Product: Löfbergs Medium Roast Suodatinkahvi 500 g Rainforest alliance, Unit Price: 5,99 €, Comparison Price: 11,98 €/kg
Product: Paulig Juhla Mokka kahvi pannujauhatus 500g, Unit Price: 6,05 €, Comparison Price: 12,10 €/kg
Product: Paulig Brazil Original kahvi suodatinjauhatus 500g, Unit Price: 6,59 €, Comparison Price: 13,18 €/kg
Product: Kulta Katriina Perinteinen pannukahvi RAC 500g, Unit Price: 5,85 €, Comparison Price: 11,70 €/kg
Product: Löfbergs Magnifika Suodatinkahvi 500g Rainforest alliance, Unit Price: 5,99 €, Comparison Price: 11,98 €/kg
Product: Rainbow 500g kahvi suodatinjauhatus, Unit Price: 4,89 €, Comparison Price: 9,78 €/kg
Product: Löfbergs Crescendo Suodatinkahvi 500g Rainforest alliance, Unit Price: 5,99 €, Comparison Price: 11,98 €/kg
Product: Taffel Chips classic suolattu sipsi 305g, Unit Price: 1,49 €, Comparison Price: 4,89 €/kg
Product: Poppamies BBQ Sauce Classic BBQ No sugar added grillikastike 525g, Unit Price: 1,00 €, Comparison Price: 1,90 €/kg
Product: Coop iso vehnätortilla 370 g 6 kpl, Unit Price: 1,25 €, Comparison Price: 3,38 €/kg
Product: House kokoontaitettava sateenvarjo manuaalisella avausmekanismilla 206H301801, Unit Price: 5,99 €, Comparison Price: 
Product: House kokoontaitettava sateenvarjo manuaalisella avausmekanismilla 206H301802, Unit Price: 5,99 €, Comparison Price: 
Product: House sateenvarjo puoliautomaattisella mekanismilla 206H302111, Unit Price: 9,99 €, Comparison Price: 
Product: House kokoontaitettava sateenvarjo puoliautomaattisella mekanismilla 206H301810, Unit Price: 9,99 €, Comparison Price: 
Product: House sateenvarjo automaattinen pitkä KT-SL-005, Unit Price: 9,99 €, Comparison Price: 
Product: House kokoontaitettava sateenvarjo täysautomaattisella mekanismilla 206H301830, Unit Price: 12,95 €, Comparison Price: 
Product: House kokoontaitettava sateenvarjo manuaalisella avausmekanismilla 206H301802, Unit Price: 5,99 €, Comparison Price: 
Product: House sateenvarjo puoliautomaattisella mekanismilla 206H302111, Unit Price: 9,99 €, Comparison Price: 
Product: House sateenvarjo puoliautomaattisella mekanismilla 206H301820, Unit Price: 9,99 €, Comparison Price: 
Product: House sateenvarjo puoliautomaattisella mekanismilla 206H302111, Unit Price: 9,99 €, Comparison Price: 
Product: House kokoontaitettava sateenvarjo puoliautomaattisella mekanisimilla Heijastava Perhonen, Unit Price: 16,95 €, Comparison Price: 
Product: House kokoontaitettava sateenvarjo puoliautomaattisella mekanismilla 206H301811, Unit Price: 9,99 €, Comparison Price: 
Product: House kokoontaitettava sateenvarjo puoliautomaattisella mekanisimilla Eco Marble, Unit Price: 16,95 €, Comparison Price: 
Product: House kokoontaitettava sateenvarjo puoliautomaattisella mekanismilla 206H301811, Unit Price: 9,99 €, Comparison Price: 
Product: House sateenvarjo puoliautomaattisella mekanismilla 206H302111, Unit Price: 9,99 €, Comparison Price: 
Product: House kokoontaitettava sateenvarjo puoliautomaattisella mekanismilla Heijastava, Unit Price: 16,95 €, Comparison Price: 
Product: House sateenvarjo automaattimekanismilla 206H302131, Unit Price: 12,95 €, Comparison Price: 
Product: Frozen 2 lasten läpikuultava sateenvarjo, Unit Price: 10,95 €, Comparison Price: 
Product: Muumi sateenvarjo manuaalinen 8790M5, Unit Price: 14,95 €, Comparison Price: 
Product: House lasten sateenvarjo Yksisarvinen, Unit Price: 5,95 €, Comparison Price: 
Product: House lasten sateenvarjo Autot, Unit Price: 5,95 €, Comparison Price: 
Product: Spiderman lasten läpikuultava sateenvarjo, Unit Price: 10,95 €, Comparison Price: 
Product: House lasten sateenvarjo Työkone, Unit Price: 5,95 €, Comparison Price: 
Product: House sateenvarjo automaattimekanismilla 206H302131, Unit Price: 12,95 €, Comparison Price: 
Product: Coop Lager olut 4,2 % tölkki 0,33 L, Unit Price: 0,99 €, Comparison Price: 2,55 €/l
Product: Coca-Cola Original Taste virvoitusjuoma tölkki 0,33 L, Unit Price: 1,79 €, Comparison Price: 4,97 €/l
Product: 24-pack Coop Lager olut 4,2 % tölkki 0,33 L, Unit Price: 23,76 €, Comparison Price: 2,55 €/l
Product: Red Bull Summer Edition Curuba 250ml, Unit Price: 1,89 €, Comparison Price: 6,96 €/l
Product: NOCCO BCAA Berruba 330ml, Unit Price: 2,59 €, Comparison Price: 7,39 €/l
Product: Coca-Cola Zero Sugar virvoitusjuoma tölkki 0,33 L, Unit Price: 1,69 €, Comparison Price: 4,67 €/l
Product: Red Bull Peach Edition 250ml, Unit Price: 1,89 €, Comparison Price: 6,96 €/l
Product: 6 x Hartwall Jaffa Lemonade Sokeriton virvoitusjuoma 0,33 l, Unit Price: 4,59 €, Comparison Price: 1,86 €/l
Product: Hartwall Original Long Drink Lemonade 5,5% 0,5 l, Unit Price: 4,39 €, Comparison Price: 8,48 €/l
Product: Monster Energy Aussie Lemonade energy drink tlk 0,5 L, Unit Price: 2,25 €, Comparison Price: 4,20 €/l
Product: Battery Remix 22 energiajuoma tölkki 0,33 L, Unit Price: 2,59 €, Comparison Price: 7,39 €/l
Product: ED Pineapple Energiajuoma 0,5 l, Unit Price: 1,99 €, Comparison Price: 3,58 €/l
Product: Coca-Cola Zero Sugar Lime virvoitusjuoma muovipullo 0,5 L, Unit Price: 2,25 €, Comparison Price: 4,10 €/l
Product: Hartwall Jaffa Lemonade Sokeriton virvoitusjuoma 0,5 l, Unit Price: 2,25 €, Comparison Price: 4,10 €/l
Product: CELSIUS Jungle Vibe Energiajuoma 355ml, Unit Price: 2,45 €, Comparison Price: 6,48 €/l
Product: Pepsi virvoitusjuoma 0,5 l, Unit Price: 2,29 €, Comparison Price: 4,18 €/l
Product: ED Peach No Sugar 0,5l, Unit Price: 1,95 €, Comparison Price: 3,50 €/l
Product: Battery Remix 24 energiajuoma tölkki 0,50 L, Unit Price: 2,99 €, Comparison Price: 5,68 €/l
Product: Pepsi virvoitusjuoma 1,5 l, Unit Price: 3,15 €, Comparison Price: 1,83 €/l
Product: TEHO Jäätävä Kesä Lime-Ananas-Tuttifrutti energiajuoma 0,33 l tlk, Unit Price: 1,59 €, Comparison Price: 4,36 €/l
Product: Lahden Erikois Summer 2024 olut 5% 0,5 l, Unit Price: 2,89 €, Comparison Price: 5,48 €/l
Product: 330ml NOCCO Focus Raspberry Blast, Unit Price: 2,59 €, Comparison Price: 7,39 €/l
Product: 6-pack Coca-Cola Zero Sugar Lime virvoitusjuoma tölkki 0,33 L, Unit Price: 4,69 €, Comparison Price: 1,91 €/l
Product: Hartwall Novelle Plus C + Kollageeni + Biotiini  0,5 l, Unit Price: 2,45 €, Comparison Price: 4,50 €/l
Product: Kivikylän Palvarin Lihapyörykkä 350g, Unit Price: 3,09 €, Comparison Price: 8,83 €/kg
Product: Coop Gnocchi perunapasta 500 g, Unit Price: 1,69 €, Comparison Price: 3,38 €/kg
Product: Kotimaista sika-nauta jauheliha 23 % 400 g, Unit Price: 2,39 €, Comparison Price: 5,98 €/kg
Product: Nescafé Dolce Gusto 30kaps/300g Café au Lait maitokahvikapseli, Unit Price: 9,49 €, Comparison Price: 31,63 €/kg
Product: Starbucks Nespresso Houseblend Lungo 10 kaps/57g, Unit Price: 5,40 €, Comparison Price: 94,74 €/kg
Product: Starbucks Nespresso Caffé Verona Ristretto 10 kaps/55g, Unit Price: 5,40 €, Comparison Price: 98,18 €/kg
Product: Nescafé Dolce Gusto 30kaps/210g Espresso Intenso kahvikapseli, Unit Price: 9,49 €, Comparison Price: 45,19 €/kg
Product: Nescafé Dolce Gusto Americano 30 kaps/255g, Unit Price: 9,49 €, Comparison Price: 37,22 €/kg
Product: Nescafé Dolce Gusto Grande Intenso 16 kaps/132,8g, Unit Price: 5,95 €, Comparison Price: 44,74 €/kg
Product: Nescafé Dolce Gusto New York 18kaps/149,4g, Unit Price: 5,99 €, Comparison Price: 40,20 €/kg
Product: Nescafé Dolce Gusto 16kaps/186,4g Cappuccino maitokahvikapseli, Unit Price: 5,95 €, Comparison Price: 31,99 €/kg
Product: Starbucks Nespresso Single Origin Colombia 10 kaps/57g, Unit Price: 5,40 €, Comparison Price: 94,74 €/kg
Product: Nescafé Dolce Gusto 16kaps/160g Café au Lait Intenso maitokahvikapseli, Unit Price: 5,99 €, Comparison Price: 37,44 €/kg
Product: Nescafé Dolce Gusto 16kaps/187,2g Flat white maitokahvikapseli, Unit Price: 5,99 €, Comparison Price: 32,03 €/kg
Product: Starbucks Nespresso Smooth Caramel 10kaps/51g, Unit Price: 5,40 €, Comparison Price: 105,88 €/kg
Product: Nescafé Dolce Gusto Zoégas Morgonstund 16 kaps/ 132,8g, Unit Price: 5,99 €, Comparison Price: 45,04 €/kg
Product: Nescafé Dolce Gusto Miami 18kaps/126g, Unit Price: 5,99 €, Comparison Price: 47,54 €/kg
Product: Nescafé Dolce Gusto 16kaps/160g Café au Lait maitokahvikapseli, Unit Price: 5,95 €, Comparison Price: 37,19 €/kg
Product: Starbucks Nespresso Espresso Roast 10 kaps/57g, Unit Price: 5,40 €, Comparison Price: 101,89 €/kg
Product: Cellini Lungo Deliz kahvikapseli 50g 10kpl, Unit Price: 3,50 €, Comparison Price: 70,00 €/kg
Product: Carrefour Bio Extra Caffe latte 100% Arabica kahvikapselit 155,2g 16 kpl, Unit Price: 4,99 €, Comparison Price: 32,19 €/kg
Product: Nescafé Dolce Gusto 16kaps/145.6g Latte Macchiato Caramel maitokahvikapseli, Unit Price: 5,99 €, Comparison Price: 41,03 €/kg
Product: AROMA GOLD Irish Cream DG kapseli 16 kpl, Unit Price: 4,99 €, Comparison Price: 19,49 €/kg
Product: Starbucks Nescafé Dolce Gusto White Mocha 12kaps/123g, Unit Price: 5,40 €, Comparison Price: 43,90 €/kg
Product: Aroma Gold valksuklaa pistaasi DG kapselit 16 kpl, Unit Price: 4,99 €, Comparison Price: 19,49 €/kpl
Product: Cellini Dolce Gusto Capsules Deciso kahvikapseli 10 kpl, Unit Price: 3,50 €, Comparison Price: 46,67 €/kg
Product: Cellini 125g espressonappi 18kpl, Unit Price: 6,75 €, Comparison Price: 54,00 €/kg
Product: Elovena 1kg täysjyvä kaurahiutale, Unit Price: 2,35 €, Comparison Price: 2,35 €/kg
Product: Saarioinen Maksalaatikko laktoositon/rusinaton 400g, Unit Price: 2,05 €, Comparison Price: 5,12 €/kg
Product: Valio Hyvä suomalainen Arki® kevytmaitojuoma 1 l, Unit Price: 0,76 €, Comparison Price: 0,76 €/l
Product: Wilson tennispallo US Open 4 kpl keltainen, Unit Price: 8,95 €, Comparison Price: 2,24 €/kpl
Product: Pensasmustikka 300g, Unit Price: 2,99 €, Comparison Price: 9,97 €/kg
Product: Stokvis Tapes Basic maalarinteippi 38mm x 50m, Unit Price: 3,10 €, Comparison Price: 0,06 €/m
Product: Kotimaista puolikarkea vehnäjauho 2 kg, Unit Price: 0,99 €, Comparison Price: 0,50 €/kg
Product: Jyväbroiler Maustettu Kokonainen Broileri 1000-1400g, Unit Price: 6,90 €, Comparison Price: 
Product: PrimaCat Kana steriloiduille aikuisille kissoille 1,4 kg, Unit Price: 7,99 €, Comparison Price: 5,71 €/kg
Product: Xtra granola natural 750 g, Unit Price: 2,79 €, Comparison Price: 3,72 €/kg
Product: Happy Joe Dry Apple siideri 4,7% 0,33 l, Unit Price: 2,55 €, Comparison Price: 7,27 €/l
Product: Garnier SkinActive Vitamin C Gentle Cleanser puhdistusgeeli kuivalle iholle 250ml, Unit Price: 8,45 €, Comparison Price: 33,80 €/l
Product: Vitakraft Pihvitikku Lammas 12g, Unit Price: 0,75 €, Comparison Price: 62,50 €/kg
Product: Mighty Hard Cider 5,5% 50cl tlk, Unit Price: 2,79 €, Comparison Price: 5,28 €/l
Product: Coop crunchy granola mansikka ja jogurtti 725 g, Unit Price: 3,49 €, Comparison Price: 4,81 €/kg
Product: Coop vaniljajogurtti 150 g, Unit Price: 0,35 €, Comparison Price: 2,33 €/kg
Product: Valio kreikkalainen jogurtti 150 g raparperi laktoositon kausimaku, Unit Price: 0,99 €, Comparison Price: 6,60 €/kg
Product: Myllärin Pikakaurahiutale 2.0 500 g, Unit Price: 0,85 €, Comparison Price: 1,70 €/kg
Product: Kotimaista Täysmallaslager 5,3% 0,5L olut, Unit Price: 2,20 €, Comparison Price: 4,10 €/l
Product: Coop päärynä-vaniljajogurtti 150 g, Unit Price: 0,35 €, Comparison Price: 2,33 €/kg
Product: Coop mango-appelsiinijogurtti 150 g, Unit Price: 0,35 €, Comparison Price: 2,33 €/kg
Product: Myllyn Paras Raketti Spagetti 350g, Unit Price: 0,75 €, Comparison Price: 2,14 €/kg
Product: Karl Fazer maitosuklaapatukka minttucrisp 37g, Unit Price: 0,70 €, Comparison Price: 18,92 €/kpl
Product: Rexona Sport palasaippua 2x125g, Unit Price: 2,55 €, Comparison Price: 10,20 €/kg
Product: Hau-Hau Champion Mehevä Lantti Kanaa herkku 140 g, Unit Price: 2,49 €, Comparison Price: 17,79 €/kg
Product: SodaStream Pepsi Max 440ml, Unit Price: 5,90 €, Comparison Price: 13,41 €/l
Product: Mysoda Cola Sokeriton Virvoitusjuomatiiviste 500ml, Unit Price: 4,69 €, Comparison Price: 9,38 €/l
Product: SodaStream Pepsi Max Lime -juomatiiviste 440ml, Unit Price: 5,90 €, Comparison Price: 13,41 €/l
Product: SodaStream 7UP free -juomatiiviste 440ml, Unit Price: 5,90 €, Comparison Price: 13,41 €/l
Product: Mysoda Sitruuna-Lime Sokeriton Virvoitusjuomatiiviste 500ml, Unit Price: 4,69 €, Comparison Price: 9,38 €/l
Product: SodaStream Mountain Dew Diet -juomatiiviste 440ml, Unit Price: 5,90 €, Comparison Price: 13,41 €/l
Product: Mysoda Appelsiini Sokeriton Virvoitusjuomatiiviste 500ml, Unit Price: 4,69 €, Comparison Price: 9,38 €/l
Product: SodaStream Pepsi-juomatiiviste 440ml, Unit Price: 9,90 €, Comparison Price: 22,50 €/l
Product: Mysoda Vadelma Sokeriton Virvoitusjuomatiiviste 500ml, Unit Price: 4,69 €, Comparison Price: 9,38 €/l
Product: Mysoda Omena & Päärynä Sokeriton Virvoitusjuomatiiviste 500ml, Unit Price: 4,69 €, Comparison Price: 9,38 €/l
Product: Mysoda Verigreippi Sokeriton Virvoitusjuomatiiviste 500ml, Unit Price: 4,69 €, Comparison Price: 9,38 €/l
Product: Mysoda Ananas Sokeriton Virvoitusjuomatiiviste 500ml, Unit Price: 4,69 €, Comparison Price: 9,38 €/l
Product: Mysoda Vadelma Virvoitusjuomatiiviste 500ml, Unit Price: 4,69 €, Comparison Price: 9,38 €/l
Product: Mysoda Cola Virvoitusjuomatiiviste 500ml, Unit Price: 4,89 €, Comparison Price: 9,78 €/l
Product: QAP 6Pack LemonLime, Unit Price: 12,95 €, Comparison Price: 2,16 €/kpl
Product: QAP 6Pack FruttiTutti, Unit Price: 12,95 €, Comparison Price: 2,16 €/kpl
Product: Myllärin Paratiisi Mysli 450 g, Unit Price: 3,55 €, Comparison Price: 7,89 €/kg
Product: Kinnarin Tila kaurahiutaleet 1kg, Unit Price: 4,59 €, Comparison Price: 4,59 €/kg
Product: Puffet Päärynä Laktoositon välipalajäätelö 62g/1,1dl, Unit Price: 1,69 €, Comparison Price: 27,26 €/kg
Product: Fazer Geisha Crunchy jäätelöpuikko 64g/90ml, Unit Price: 1,95 €, Comparison Price: 30,47 €/kg
Product: Puffet Päärynä Laktoositon välipalajäätelö 62g/1,1dl, Unit Price: 1,69 €, Comparison Price: 27,26 €/kg
Product: Fazer Liquorice Crunchy jäätelöpuikko 71g/90ml, Unit Price: 1,95 €, Comparison Price: 27,46 €/kg
Product: Classic Suolainen Kinuski & Australian Macadamia kermajäätelöpuikko 68g/90ml, Unit Price: 1,95 €, Comparison Price: 28,68 €/kg
Product: 3 Kaveria Toffee & Crunch jäätelöpuikko 110ml/80g, Unit Price: 2,65 €, Comparison Price: 33,13 €/kg
Product: 3 Kaveria Vegaaninen Pistaasi jäätelöpuikko 110ml/80g, Unit Price: 2,65 €, Comparison Price: 33,13 €/kg
Product: Pirulo Cool Orange limonadijää 100g/99ml, Unit Price: 0,89 €, Comparison Price: 8,90 €/kg
Product: Fazer Domino jäätelötuutti 100g/175ml, Unit Price: 2,49 €, Comparison Price: 24,90 €/kg
Product: Fazer Dumle Snacks kermajäätelöpuikko 53g/0.8dl, Unit Price: 1,95 €, Comparison Price: 36,79 €/kg
Product: Piggelin Tutti Frutti Jäätelöpuikko 55ml/55g, Unit Price: 0,99 €, Comparison Price: 18,00 €/kg
Product: Twister Cosmixx Mehujääpuikko 70ml/ 72g, Unit Price: 1,19 €, Comparison Price: 16,53 €/kg
Product: Haribo Push-Up Jäätelö 85ml/62g, Unit Price: 1,65 €, Comparison Price: 26,61 €/kg
Product: Jättis Kuningatar Jäätelötuutti 195ml/96g, Unit Price: 2,59 €, Comparison Price: 26,98 €/kg
Product: Kinder Bueno White-jäätelö 62g. Hasselpähk mak jäätelö (53%) hasselpähk ytimellä (2,5%) kaakao (8,5%) vuorat vohvelitötterössä (15,5%) – päällä hasselpähk kuorrute (15%) ja kaakaohippuja (0,3%)., Unit Price: 1,59 €, Comparison Price: 25,65 €/kg
Product: Classic Vaahtokarkki & Italian Biscottinokeksi kermajäätelöpuikko 67g/90ml, Unit Price: 1,95 €, Comparison Price: 29,10 €/kg
Product: Friidu jäätelöpuikko Salty Liquorice & Creamy Lemon Swirl 100ml/84g, Unit Price: 2,35 €, Comparison Price: 29,38 €/kg
Product: Kinder Bueno Classic-jäätelö 62g. Hasselpähk mak jäät (52,5%) hasselpähk ytimellä (2,5 %) kaakao (8,5%) vuorat vohvelitöt (15,5 %) – päällä hasselpähk kuorrute (15 %) ja kaakaohippuja (0,7%)., Unit Price: 1,59 €, Comparison Price: 25,65 €/kg
Product: Magnum Euphoria Jäätelöpuikko​ 90ml/69g, Unit Price: 2,85 €, Comparison Price: 41,30 €/kg
Product: Mr. Iceman jääpallot, Unit Price: 6,39 €, Comparison Price: 6,39 €/kg
Product: Karhujää jääpalat 5 kg pakaste, Unit Price: 9,15 €, Comparison Price: 1,83 €/kg
Product: 3 Kaveria Vegaaninen Vanilja & Suklaavohveli jäätelöpuikko 110ml/80g, Unit Price: 2,65 €, Comparison Price: 33,13 €/kg
Product: Ben & Jerry's Chunky Monkey Jäätelö 465 ml, Unit Price: 7,49 €, Comparison Price: 16,11 €/l
Product: Raffaello-jäätelö 47g. Kookoksen makuinen jäätelö (63,9%), rapealla kookoksen makuisella kuorrutteella (34,2 %), jossa on mantelin paloja., Unit Price: 1,59 €, Comparison Price: 33,83 €/kg
Product: Twister Sweet & Sour Jäätelö Monipakkaus 8kpl 400 ml/348g, Unit Price: 3,95 €, Comparison Price: 11,35 €/kg
Product: God Morgon Classic Omenatäysmehu 100% 1 L, Unit Price: 2,55 €, Comparison Price: 2,55 €/l
Product: Hartwall Original Long Drink 5,5% 0,33 l, Unit Price: 2,90 €, Comparison Price: 8,33 €/l
Product: Xtra Greippilonkero 4,7% 0,5 l tlk, Unit Price: 1,89 €, Comparison Price: 3,48 €/l
Product: Xtra Kevyt Greippilonkero 4,7% 0,5 l tlk, Unit Price: 1,89 €, Comparison Price: 3,48 €/l
Product: Hartwall Original Long Drink 5,5% 0,5 l, Unit Price: 4,39 €, Comparison Price: 8,48 €/l
Product: 6 x Hartwall Original Long Drink 5,5% 0,33 l, Unit Price: 17,40 €, Comparison Price: 8,33 €/l
Product: Hartwall Original Long Drink White Label Grapefruit 5,5% 0,5 l, Unit Price: 4,39 €, Comparison Price: 8,48 €/l
Product: Helsinki Long Drink Gin&Pink Grapefruit 5,5% 0,33 l tlk, Unit Price: 2,99 €, Comparison Price: 8,61 €/l
Product: A. Le Coq Grapefruit alkoholiton lonkero 0,0 % 0,33 l tlk, Unit Price: 1,55 €, Comparison Price: 4,24 €/l
Product: Hartwall Original Long Drink 2,6% 0,43 l, Unit Price: 2,59 €, Comparison Price: 5,56 €/l
Product: Hartwall Original Long Drink Grapefruit 0% 0,33 l, Unit Price: 1,89 €, Comparison Price: 5,27 €/l
Product: 12 x Hartwall Original Long Drink 5,5% 0,33 l, Unit Price: 34,80 €, Comparison Price: 8,33 €/l
Product: 6 x Hartwall Original Long Drink White Label Grapefruit 5,5% 0,33 l, Unit Price: 17,40 €, Comparison Price: 8,33 €/l
Product: A. Le Coq GIN&Grapefruit Long drink 5,5 % 0,5 l tlk, Unit Price: 3,95 €, Comparison Price: 7,60 €/l
Product: 6 x A. Le Coq GIN&Grapefruit Long Drink 5,5% 0,33 l tlk, Unit Price: 13,68 €, Comparison Price: 6,45 €/l
Product: 6 x A. Le Coq Grapefruit Long Drink 4,7% 0,33 l tlk, Unit Price: 10,92 €, Comparison Price: 5,06 €/l
Product: Laitilan Panama Gin 5,0% 0,33L ginipohjainen greipinmakuinen long drink, Unit Price: 2,79 €, Comparison Price: 8,00 €/l
Product: 6 x Rainbow Greippi Gin lonkero 5,5% 0,33 l tlk, Unit Price: 12,60 €, Comparison Price: 5,91 €/l
Product: 6-pack Koff Long Drink Juiced Grapefruit long drink 5,0 % tölkki 0,33 L, Unit Price: 15,48 €, Comparison Price: 7,36 €/l
Product: Rainbow Greippi 4,7% 0,5L greipinmakuinen lonkero, Unit Price: 2,29 €, Comparison Price: 4,28 €/l
Product: Maku Brewing Premium Gin Long Drink 5,0% 0.33l tölkki, Unit Price: 3,39 €, Comparison Price: 9,82 €/l
Product: 6 x Coop Grapefruit long drink light 5,5% 0,33 l tlk, Unit Price: 12,60 €, Comparison Price: 5,91 €/l
Product: 6 x Laitilan Panama Gin 5,0% 0,33L ginipohjainen greipinmakuinen long drink, Unit Price: 16,74 €, Comparison Price: 8,00 €/l
Product: Rainbow long drink greippi light 4,7% 0,5L, Unit Price: 2,29 €, Comparison Price: 4,28 €/l
Product: Rainbow lonkerojuoma light alkoholiton greipinmakuinen 1.5 l, Unit Price: 2,89 €, Comparison Price: 1,66 €/l
Product: Rainbow 2,5kg grillihiili, Unit Price: 5,99 €, Comparison Price: 2,40 €/kg
Product: Rainbow 4kg Premium grillihiilet, Unit Price: 9,99 €, Comparison Price: 2,50 €/kg
Product: Rainbow 5kg grillihiili, Unit Price: 10,99 €, Comparison Price: 2,20 €/kg
Product: Rainbow kertakäyttögrilli, Unit Price: 4,99 €, Comparison Price: 
Product: Weber Puuhiili 3 kg FSC, Unit Price: 9,95 €, Comparison Price: 3,32 €/kg
Product: House raapaistava sytytyspala 20 kpl, Unit Price: 1,99 €, Comparison Price: 0,10 €/kpl
Product: Marienburg grillihiili 20L 100% leppä, Unit Price: 7,95 €, Comparison Price: 0,40 €/l
Product: House grilliharja 28 cm, Unit Price: 3,50 €, Comparison Price: 
Product: Sampo 72 kpl sytytyspalat, Unit Price: 4,99 €, Comparison Price: 0,07 €/kpl
Product: House grillin puhdistusharja 41 cm, Unit Price: 4,50 €, Comparison Price: 
Product: Burner sytytysapu 100kpl, Unit Price: 8,90 €, Comparison Price: 0,09 €/kpl
Product: Suomi 20 kpl sytytyspala, Unit Price: 5,95 €, Comparison Price: 0,30 €/kpl
Product: House grillivarrastikku 100 kpl, Unit Price: 2,95 €, Comparison Price: 
Product: SYTYTYSKUUTIOT, Unit Price: 4,95 €, Comparison Price: 
Product: Mustang Grillipihdit Pro 43 cm, Unit Price: 8,95 €, Comparison Price: 
Product: House grillipinsetit 30 cm, Unit Price: 6,95 €, Comparison Price: 
Product: House grillin puhdistusharja T 30 cm, Unit Price: 9,95 €, Comparison Price: 
Product: Weber 30 cm Kolmio Grilliharja, Unit Price: 18,95 €, Comparison Price: 
Product: House varrastikku 10 kpl, Unit Price: 8,95 €, Comparison Price: 0,89 €/kpl
Product: Weber Grillipihdit, Unit Price: 14,95 €, Comparison Price: 
Product: Weber 45 cm Kolmio Grilliharja, Unit Price: 19,95 €, Comparison Price: 
Product: Mustang Grillausvälinesarja RST 2kpl, Unit Price: 16,90 €, Comparison Price: 
Product: House grillipihdit 45 cm, Unit Price: 11,95 €, Comparison Price: 
Product: Napoleon puhdistusharja messinki, Unit Price: 24,90 €, Comparison Price: 
Product: Raffaello-jäätelö 47g. Kookoksen makuinen jäätelö (63,9%), rapealla kookoksen makuisella kuorrutteella (34,2 %), jossa on mantelin paloja., Unit Price: 1,59 €, Comparison Price: 33,83 €/kg
Product: Kestohevipussi 11g, Unit Price: 0,05 €, Comparison Price: 
Product: Rainbow 6l kissanhiekka puupohjainen, Unit Price: 2,79 €, Comparison Price: 0,47 €/l
Product: Rainbow 4kg Premium grillihiilet, Unit Price: 9,99 €, Comparison Price: 2,50 €/kg
Product: OLVI Hard Seltzer Strawberry & Rhubarb 4,5% 0,33 l tlk, Unit Price: 2,39 €, Comparison Price: 6,79 €/l
Product: OLVI Hard Seltzer Lemon & Lime 4,5% 0,33 l tlk, Unit Price: 2,39 €, Comparison Price: 6,79 €/l
Product: OLVI Hard Seltzer Juiced Pear 4,5 % 0,33 l tlk, Unit Price: 2,39 €, Comparison Price: 6,79 €/l
Product: OLVI Hard Seltzer Juiced Raspberry 4,5 % 0,33 l tlk, Unit Price: 2,39 €, Comparison Price: 6,79 €/l
Product: OLVI Hard Seltzer Lime-Blueberry 4,5 % 0,33 l tlk, Unit Price: 2,39 €, Comparison Price: 6,79 €/l
Product: OLVI Hard Seltzer Mango & Pineapple 4,5 % 0,33 l tlk, Unit Price: 2,39 €, Comparison Price: 6,79 €/l
Product: Rainbow Passion fruit-Mango 4,5% 330ml hard seltzer, Unit Price: 2,15 €, Comparison Price: 6,06 €/l
Product: Hartwall Hard Seltzer Vadelma 4,5% 0,33 l, Unit Price: 2,19 €, Comparison Price: 6,18 €/l
Product: Rainbow Lemon-Lime 4,5% 330ml hard seltzer, Unit Price: 2,15 €, Comparison Price: 6,06 €/l
Product: Rainbow Strawberry-Lime 4,5% 330ml hard seltzer, Unit Price: 2,15 €, Comparison Price: 6,06 €/l
Product: Mocktail Italian Spritz 0,0% 0,33l, Unit Price: 1,49 €, Comparison Price: 4,06 €/l
Product: Hartwall Hard Seltzer Persikka 4,5% 0,33 l, Unit Price: 2,19 €, Comparison Price: 6,18 €/l
Product: OLVI Hard Seltzer Watermelon & Mint 0,33 l tlk, Unit Price: 2,39 €, Comparison Price: 6,79 €/l
Product: Garage Vodka Lemonade 4,1% 0,5 L tlk, Unit Price: 3,49 €, Comparison Price: 6,68 €/l
Product: Selvin Päin & Kåska Violet Spritz 0,0%, 0,33l, Unit Price: 2,39 €, Comparison Price: 6,79 €/l
Product: Mocktail Strawberry Margarita 0,0% 0,33l, Unit Price: 1,49 €, Comparison Price: 4,06 €/l
Product: Mocktail Piña Colada 0,0% 0,33l, Unit Price: 1,49 €, Comparison Price: 4,06 €/l
Product: Mocktail Cosmopolitan 0,0% 0,33l, Unit Price: 1,49 €, Comparison Price: 4,06 €/l
Product: SAY Alcohol Free Seltzer Lime Mint 0% 33cl, Unit Price: 1,49 €, Comparison Price: 4,06 €/l
Product: Mocktail Mojito 0,0% 0,33l, Unit Price: 1,49 €, Comparison Price: 4,06 €/l
Product: Koskenkorva PURE Peach-Raspberry 5,5% 33cl, Unit Price: 2,95 €, Comparison Price: 8,48 €/l
Product: Bacardi Breezer Lime 27,5 cl lasiplo 4 %  FAB, Unit Price: 3,10 €, Comparison Price: 10,91 €/l
Product: Hartwall Hard Seltzer Lime 4,5% 0,33 l, Unit Price: 2,19 €, Comparison Price: 6,18 €/l
Product: Laitilan Naku Juicy Raspberry 4,5% 0,33L hard seltzer, Unit Price: 2,59 €, Comparison Price: 7,39 €/l
Product: PrimaCat Fillets Kanaa vedessä 50 g, Unit Price: 0,89 €, Comparison Price: 17,80 €/kg
Product: Nauta-sikajauheliha (50/50), Unit Price: 12,50 €, Comparison Price: 
Product: Naudan paistijauheliha, Unit Price: 23,80 €, Comparison Price: 
Product: Naudan ulkofileepihvi, Unit Price: 39,40 €, Comparison Price: 
Product: Sisäfileepihvi, Unit Price: 78,90 €, Comparison Price: 
Product: Kariniemen Kananpojan paistileike, Unit Price: 11,55 €, Comparison Price: 
Product: Burgerpihvi, Unit Price: 17,90 €, Comparison Price: 
Product: Naudan Entrecotepihvi, Unit Price: 35,90 €, Comparison Price: 
Product: Possun ulkofileepihvi, Unit Price: 13,25 €, Comparison Price: 
Product: Kariniemen Broilerin Rintafilee Maustamaton, Unit Price: 15,69 €, Comparison Price: 
Product: Ruokatori Naudan Sisäfilepihvi Palvelutiski, Unit Price: 64,90 €, Comparison Price: 
Product: Kasslerpihvi nat, Unit Price: 11,50 €, Comparison Price: 
Product: Atria porsaan kassler, Unit Price: 10,90 €, Comparison Price: 
Product: Naapurin Maalaiskana paistileike luullinen naturell, Unit Price: 6,75 €, Comparison Price: 
Product: HK Rypsiporsas Porsaan Kyljys, Unit Price: 13,90 €, Comparison Price: 
Product: Snellman naudan marmoroitu ulkofilee, Unit Price: 64,90 €, Comparison Price: 
Product: Ruokatori Porsaan Kasslerpihvi, Unit Price: 11,50 €, Comparison Price: 
Product: Atria porsaan ribs palvelutiski Pakastettu, Unit Price: 11,95 €, Comparison Price: 
Product: Lehtipihvi naudan ulkofileestä, Unit Price: 39,50 €, Comparison Price: 
Product: Kariniemen Kananpojan sisäfilee maustamaton, Unit Price: 18,85 €, Comparison Price: 
Product: POSSUVARRAS, Unit Price: 19,90 €, Comparison Price: 
Product: Herkku Grills Porsaan maustettu kasslerpihvi, Unit Price: 11,50 €, Comparison Price: 
Product: Silver Fern Farms karitsan sisäfilee, Unit Price: 39,90 €, Comparison Price: 
Product: Donier Gastronomie Dry Age Ulkofile, Unit Price: 71,95 €, Comparison Price: 
Product: Atria Takuumurea Naudan Ulkofilee kalvoton, Unit Price: 37,95 €, Comparison Price: 
Product: Fazer Alku Kaurasydän kauramuro 400 g, Unit Price: 3,99 €, Comparison Price: 9,98 €/kg
Product: Fazer Dumle summer mix pussi 180g, Unit Price: 3,45 €, Comparison Price: 19,17 €/kpl
Product: Fazer Omar pehmeä toffee karkkipussi 220g, Unit Price: 3,49 €, Comparison Price: 15,86 €/kg
Product: Fazer Dumle Original karkkipussi 200g, Unit Price: 3,45 €, Comparison Price: 17,25 €/kg
Product: Werther´s Original 135g Cream Candies, Unit Price: 2,09 €, Comparison Price: 15,48 €/kg
Product: Hopeatoffee toffee 168,7g, Unit Price: 2,39 €, Comparison Price: 14,14 €/kg
Product: Werther´s Original 125g Salted Caramel Cream, Unit Price: 2,49 €, Comparison Price: 19,92 €/kg
Product: Fazer Dumle mix pussi 200g, Unit Price: 3,45 €, Comparison Price: 17,25 €/kg
Product: Brunberg Suklaakuorrutettuja lakritsitoffeepaloja 200g, Unit Price: 2,49 €, Comparison Price: 12,45 €/kg
Product: Xtra päärynäsiideri light 4,5% 0,5l tlk, Unit Price: 1,99 €, Comparison Price: 3,68 €/l
Product: HARIBO Chamallows Original 250g Vaahtokarkki, Unit Price: 2,75 €, Comparison Price: 11,00 €/kg
Product: Rainbow vaahtokarkit 250 g, Unit Price: 1,79 €, Comparison Price: 7,16 €/kg
Product: Rainbow minivaahtokarkit 100g, Unit Price: 1,25 €, Comparison Price: 12,50 €/kg
Product: HARIBO Chamallows Minis 150g Vaahtokarkki, Unit Price: 1,95 €, Comparison Price: 13,00 €/kg
Product: Pieni Suklaatehdas Rocky Road Vaahtokarkki 120g, Unit Price: 6,95 €, Comparison Price: 57,92 €/kg
Product: KOFF Perinnekalja olut 2,2 % muovipullo 1,25 L, Unit Price: 3,99 €, Comparison Price: 2,87 €/l
Product: Ukko-Pekka kotikaljan makuinen hiilihapollinen juoma 1,5 l, Unit Price: 3,22 €, Comparison Price: 1,88 €/l
Product: Tuoppi Kotikalja gluteeniton 0,75 L, Unit Price: 3,32 €, Comparison Price: 4,16 €/l
Product: Tuoppi Kotikalja gluteeniton 1,5l, Unit Price: 4,72 €, Comparison Price: 2,88 €/l
Product: Tuoppi Kotikalja mallasjuomauute 3x35g, Unit Price: 1,99 €, Comparison Price: 18,95 €/kg
Product: Bonne Kotikalja mallasuute 0,5L, Unit Price: 1,69 €, Comparison Price: 3,38 €/l
Product: Karl Fazer maitosuklaa suklaalevy 200g, Unit Price: 2,49 €, Comparison Price: 12,45 €/kg
Product: Karl Fazer Tyrkisk Peber Hot&Sour suklaalevy 180g, Unit Price: 3,45 €, Comparison Price: 19,17 €/kpl
Product: Marabou Cookie Dought suklaalevy 185g, Unit Price: 2,95 €, Comparison Price: 15,95 €/kg
Product: Karl Fazer kokonainen hasselpähkinä suklaalevy 200g, Unit Price: 3,45 €, Comparison Price: 17,25 €/kg
Product: Xtra maitosuklaa 100 g, Unit Price: 0,59 €, Comparison Price: 5,90 €/kg
Product: Karl Fazer vaaleamaitosuklaa suklaalevy 200g, Unit Price: 3,45 €, Comparison Price: 17,25 €/kg
Product: Xtra maitosuklaa hasselpähkinärouheella 100 g, Unit Price: 0,59 €, Comparison Price: 5,90 €/kg
Product: Panda maitosuklaalevy 145g, Unit Price: 1,75 €, Comparison Price: 12,07 €/kg
Product: Karl Fazer Vadelmajogurtti suklaalevy 121g, Unit Price: 2,69 €, Comparison Price: 22,23 €/kg
Product: Fazer Geisha Hasselpähkinänougat suklaalevy 121g, Unit Price: 2,69 €, Comparison Price: 22,23 €/kg
Product: Karl Fazer Suolainen Toffeekrokantti suklaalevy 180 g, Unit Price: 3,45 €, Comparison Price: 19,17 €/kg
Product: Marabou Mjölkchoklad suklaalevy 200g, Unit Price: 2,65 €, Comparison Price: 13,25 €/kg
Product: Karl Fazer Avec suklaarae suklaalevy 200g, Unit Price: 3,45 €, Comparison Price: 17,25 €/kg
Product: Karl Fazer Lontoo rae suklaalevy 180g, Unit Price: 3,45 €, Comparison Price: 19,17 €/kg
Product: Karl Fazer Hasselpähkinärouhe suklaalevy 180 g, Unit Price: 3,45 €, Comparison Price: 19,17 €/kg
Product: Karl Fazer mustikkajogurtticrisp suklaalevy 190g, Unit Price: 3,45 €, Comparison Price: 18,16 €/kg
Product: Fazer Fazerina appelsiinitryffeli suklaalevy 121g, Unit Price: 2,69 €, Comparison Price: 22,23 €/kg
Product: Karl Fazer Pretzel suklaa levy 180 g, Unit Price: 3,45 €, Comparison Price: 19,17 €/kg
Product: Brunberg Laktoositon maitosuklaa 150 g, Unit Price: 2,45 €, Comparison Price: 16,33 €/kg
Product: Karl Fazer vadelma & lakritsi suklaalevy 200g, Unit Price: 3,45 €, Comparison Price: 17,25 €/kg
Product: Karl Fazer mansikka ja vanilja suklaalevy 190g, Unit Price: 3,45 €, Comparison Price: 18,16 €/kg
Product: Karl Fazer Suffeli Riisipuffi suklaalevy 185g, Unit Price: 3,45 €, Comparison Price: 18,65 €/kpl
Product: Karl Fazer Rouhea Keksi suklaalevy 180g, Unit Price: 3,45 €, Comparison Price: 19,17 €/kg
Product: Marabou Daim suklaalevy  200g, Unit Price: 2,95 €, Comparison Price: 14,75 €/kg
Product: Rainbow ruisjauho 1 kg, Unit Price: 1,25 €, Comparison Price: 1,25 €/kg
Product: Hau-Hau Champion Lihatikku 12 g, Unit Price: 0,45 €, Comparison Price: 37,50 €/kg
Product: Kevätsipulinippu 100g, Unit Price: 2,19 €, Comparison Price: 21,90 €/kg
Product: Valio AURA® e170 g pala, Unit Price: 2,99 €, Comparison Price: 17,59 €/kg
Product: Rainbow 125 g Sinihomejuusto, Unit Price: 1,68 €, Comparison Price: 13,44 €/kg
Product: Castello 150 g Blue Sinihomejuusto, Unit Price: 2,69 €, Comparison Price: 17,93 €/kg
Product: Castello 150g Luomu Blue sinihomejuusto, Unit Price: 2,69 €, Comparison Price: 17,93 €/kg
Product: Bergader Bavaria blu CLASSIC blue 150g valkosinihomejuusto, Unit Price: 1,99 €, Comparison Price: 13,27 €/kg
Product: BE Gourmet 100g mieto herkullinen sinihomejuusto, Unit Price: 1,69 €, Comparison Price: 16,90 €/kg
Product: Castello 150 g Intense Blue sinihomejuusto, Unit Price: 2,69 €, Comparison Price: 17,93 €/kg
Product: Roquefort 100g Société sinihomejuusto, Unit Price: 3,99 €, Comparison Price: 39,90 €/kg
Product: Peltolan Blue sinihomejuusto 125g, Unit Price: 4,95 €, Comparison Price: 39,60 €/kg
Product: Président Sainte Maure vuohenjuusto 200g, Unit Price: 4,59 €, Comparison Price: 22,95 €/kg
Product: Président Brie juusto 125g, Unit Price: 2,39 €, Comparison Price: 19,12 €/kg
Product: Président 200g Brie Juusto kiilapala, Unit Price: 3,95 €, Comparison Price: 19,75 €/kg
Product: Rainbow 180g Vuohenvalkohomejuusto, Unit Price: 2,33 €, Comparison Price: 12,94 €/kg
Product: Castello White 150 g valkohomejuusto, Unit Price: 2,69 €, Comparison Price: 17,93 €/kg
Product: Bergader Mini Brie 150g vähälaktoosinen valkohomejuusto, Unit Price: 1,99 €, Comparison Price: 13,27 €/kg
Product: Soignon vuohenjuustorulla yrteillä 150g, Unit Price: 2,99 €, Comparison Price: 19,93 €/kg
Product: Castello Extra Creamy Brie 200 g, Unit Price: 3,49 €, Comparison Price: 17,45 €/kg
Product: Castello 150 g Golden punavalkohomejuusto, Unit Price: 2,69 €, Comparison Price: 17,93 €/kg
Product: Soignon Ste Maure Vuohenmaitojuusto 400g, Unit Price: 7,99 €, Comparison Price: 19,97 €/kg
Product: Président 200g Brie Gourmet juusto, Unit Price: 3,89 €, Comparison Price: 19,45 €/kg
Product: Président l ’Ovale Extra Creamy Brie 200g, Unit Price: 3,89 €, Comparison Price: 19,45 €/kg
Product: La Belle Laitiere Brie 200g, Unit Price: 2,59 €, Comparison Price: 12,95 €/kg
Product: Castello Extra Creamy Brie with Chili 180g, Unit Price: 3,49 €, Comparison Price: 19,39 €/kg
Product: Linnunlaulu - Perinteinen valkohomejuusto 160g, Unit Price: 5,50 €, Comparison Price: 34,38 €/kg
Product: Rainbow 100g cashewpähkinä natural, Unit Price: 1,33 €, Comparison Price: 13,30 €/kg
Product: Xtra cashewpähkinät natural 500 g, Unit Price: 5,65 €, Comparison Price: 11,30 €/kg
Product: Rainbow pähkinämix 200 g, Unit Price: 3,55 €, Comparison Price: 17,75 €/kg
Product: Rainbow 100g saksanpähkinä natural, Unit Price: 1,25 €, Comparison Price: 12,50 €/kg
Product: Rainbow 100g suolatut cashewpähkinät, Unit Price: 1,33 €, Comparison Price: 13,30 €/kg
Product: Xtra suolapähkinät 250 g, Unit Price: 0,95 €, Comparison Price: 3,80 €/kg
Product: Taffel Pähkinä suolapähkinä 300g, Unit Price: 2,79 €, Comparison Price: 9,30 €/kg
Product: Rainbow pähkinäcocktail 200 g, Unit Price: 3,89 €, Comparison Price: 19,45 €/kg
Product: Coop mantelit 200 g, Unit Price: 1,95 €, Comparison Price: 9,75 €/kg
Product: Xtra kuoritut saksanpähkinät 300 g, Unit Price: 3,45 €, Comparison Price: 11,50 €/kg
Product: Taffel Pähkinä suolapähkinä 175g, Unit Price: 1,98 €, Comparison Price: 11,31 €/kg
Product: Rainbow 500g cashewpähkinä natural, Unit Price: 8,39 €, Comparison Price: 16,78 €/kg
Product: Rainbow kuivapaahdetut cashewpähkinät 150 g suolaamaton, Unit Price: 2,69 €, Comparison Price: 17,93 €/kg
Product: Rainbow pähkinä- ja hedelmäsekoitus 200 g, Unit Price: 2,29 €, Comparison Price: 11,45 €/kg
Product: Xtra chilipähkinät 500 g, Unit Price: 2,39 €, Comparison Price: 4,78 €/kg
Product: Anyday Nut Selection pähkinäsekoitus 140g, Unit Price: 4,55 €, Comparison Price: 32,50 €/kg
Product: Estrella Honey & Salt Cashew Mix 140g, Unit Price: 2,59 €, Comparison Price: 18,50 €/kg
Product: Coop pekaanipähkinät 80 g, Unit Price: 1,79 €, Comparison Price: 22,38 €/kg
Product: Rainbow 100g paahdetut ja suolatut mantelit, Unit Price: 1,69 €, Comparison Price: 16,90 €/kg
Product: Xtra suolapähkinät 1 kg, Unit Price: 3,35 €, Comparison Price: 3,35 €/kg
Product: Rainbow 150g paahdetut ja suolatut kuorelliset pistaasipähkinät, Unit Price: 2,39 €, Comparison Price: 15,93 €/kg
Product: Rainbow cashewpähkinä-, maapähkinä- ja pistaasipähkinäsekoitus 200 g, Unit Price: 3,49 €, Comparison Price: 17,45 €/kg
Product: Anyday Cashew Nuts cashewpähkinä 140g, Unit Price: 3,49 €, Comparison Price: 24,93 €/kg
Product: Rainbow 500g suolapähkinät, Unit Price: 2,79 €, Comparison Price: 5,58 €/kg
Product: Kotimaista hedelmämysli 1 kg, Unit Price: 1,49 €, Comparison Price: 1,49 €/kg
Product: Kurkku, Unit Price: 0,84 €, Comparison Price: 2,49 €/kg
Product: Tomaatti Suomi, Unit Price: 0,34 €, Comparison Price: 3,29 €/kg
Product: Mansikka 400 g, Unit Price: 2,49 €, Comparison Price: 6,23 €/kg
Product: Kesäkurpitsa vihreä, Unit Price: 0,81 €, Comparison Price: 2,69 €/kg
Product: Rainbow avokado 800g, Unit Price: 3,89 €, Comparison Price: 4,86 €/kg
Product: Kevätsipulinippu 100g, Unit Price: 2,19 €, Comparison Price: 21,90 €/kg
Product: Paulig Juhla Mokka kahvi suodatinjauhatus 500g, Unit Price: 6,05 €, Comparison Price: 12,10 €/kg
Product: Pensasmustikka 300g, Unit Price: 4,39 €, Comparison Price: 14,63 €/kg
Product: Pensasmustikka 125g, Unit Price: 1,99 €, Comparison Price: 15,92 €/kg
Product: Coop vesimeloni, Unit Price: 5,23 €, Comparison Price: 2,09 €/kg
Product: Helmitomaattipikari 200g, Unit Price: 2,79 €, Comparison Price: 13,95 €/kg
Product: Oatly iKaffe kaurajuoma 1L, Unit Price: 1,99 €, Comparison Price: 1,99 €/l
Product: Rainbow Croissant 70g, Unit Price: 0,65 €, Comparison Price: 9,29 €/kg
Product: Aprikoosi 500g, Unit Price: 2,19 €, Comparison Price: 4,38 €/kg
Product: Forssan Perunasalaatti 400g, Unit Price: 1,99 €, Comparison Price: 4,97 €/kg
Product: 2 x Pepsi Max virvoitusjuoma 1,5 l, Unit Price: 3,69 €, Comparison Price: 0,96 €/l
Product: Pioni 3kpl, värilajitelma, Unit Price: 7,50 €, Comparison Price: 
Product: Miniluumutomaatti 500g, Unit Price: 4,29 €, Comparison Price: 8,58 €/kg
Product: Avokado pakattu 400 g, Unit Price: 0,99 €, Comparison Price: 2,47 €/kg
Product: Vadelmarasia 225g, Unit Price: 4,19 €, Comparison Price: 18,62 €/kg
Product: 2-pack Coca-Cola Zero Sugar virvoitusjuoma muovipullo 1,5 L, Unit Price: 3,99 €, Comparison Price: 1,06 €/l
Product: Kotimaista yleisperuna 2 kg, Unit Price: 1,79 €, Comparison Price: 0,90 €/kg
Product: Xtra 210/125g Mozzarellajuusto 17% rasvaa, Unit Price: 1,19 €, Comparison Price: 9,52 €/kg
Product: Fazer Leipurit Rustico sekaleipä 400 g, Unit Price: 3,99 €, Comparison Price: 9,98 €/kg
Product: HK Ohuen ohut Kalkkunanfilee 300 g, Unit Price: 3,99 €, Comparison Price: 13,30 €/kg
Product: Atria Ohuen Ohut Kalkkunaleike 200g, Unit Price: 2,95 €, Comparison Price: 14,75 €/kg
Product: Coop ohut kalkkunaleikkele 200 g, Unit Price: 1,49 €, Comparison Price: 7,45 €/kg
Product: HK Ohuen ohut Ylikypsä saunapalvikinkku 300 g, Unit Price: 3,99 €, Comparison Price: 13,30 €/kg
Product: Kotimaista Ohut Keittokinkku 200g, Unit Price: 1,55 €, Comparison Price: 7,75 €/kg
Product: Kotimaista keittokinkku 300 g, Unit Price: 2,95 €, Comparison Price: 9,83 €/kg
Product: Atria Lauantaimakkara 225g, Unit Price: 1,35 €, Comparison Price: 6,00 €/kg
Product: Saarioinen Kultakalkkuna limiviipale, kokolihavalmiste 200g, Unit Price: 3,99 €, Comparison Price: 19,95 €/kg
Product: Savuhovi Pitkään Kypsynyt Aito Saunapalvikinkku 180g, Unit Price: 3,19 €, Comparison Price: 17,72 €/kg
Product: Atria Saunapalvi 350g, Unit Price: 3,39 €, Comparison Price: 9,69 €/kg
Product: Snellman Kevyt kotimainen meetvursti viipaleet 200g, Unit Price: 2,99 €, Comparison Price: 14,95 €/kg
Product: Savuhovi Priima Liekitetty kalkkuna 150g, Unit Price: 2,79 €, Comparison Price: 18,60 €/kg
Product: HK Ohuen ohut Broilerinfilee 300 g, Unit Price: 3,99 €, Comparison Price: 13,30 €/kg
Product: Snellman Ohuen ohut kalkkunanfilee 150g, Unit Price: 3,69 €, Comparison Price: 24,60 €/kg
Product: Kotimaista Saunapalvi 300g, Unit Price: 2,95 €, Comparison Price: 9,83 €/kg
Product: Atria Kalkkunaleike 250g, Unit Price: 4,15 €, Comparison Price: 16,60 €/kg
Product: HK Herkkumaksamakkara 150 g, Unit Price: 1,79 €, Comparison Price: 11,93 €/kg
Product: Snellman Kotimainen meetvursti 220g, Unit Price: 2,99 €, Comparison Price: 13,59 €/kg
Product: Atria Ohuen Ohut Paahdettu Kanafilee 150g, Unit Price: 3,59 €, Comparison Price: 23,93 €/kg
Product: HK Ohuen Ohut Ultrakevyt Meetvursti 9% 100 g, Unit Price: 3,25 €, Comparison Price: 32,50 €/kg
Product: Saarioinen Pippurikalkkuna limiviipale, kokolihavalmiste kalkkunan- ja broilerinfileestä 200g, Unit Price: 3,99 €, Comparison Price: 19,95 €/kg
Product: HK Ohuen ohut Palvikalkkuna 200 g, Unit Price: 2,49 €, Comparison Price: 12,45 €/kg
Product: Coop meetvursti 200 g, Unit Price: 1,82 €, Comparison Price: 9,10 €/kg
Product: Snellman Kotimainen palvikinkku 400g, Unit Price: 5,29 €, Comparison Price: 13,23 €/kg
Product: Elovena 420g omena-mustikka-vadelma annospikapuuro, Unit Price: 4,58 €, Comparison Price: 10,90 €/kg
Product: SodaStream Pepsi Max 440ml, Unit Price: 5,90 €, Comparison Price: 13,41 €/l
Product: Mysoda Cola Sokeriton Virvoitusjuomatiiviste 500ml, Unit Price: 4,69 €, Comparison Price: 9,38 €/l
Product: SodaStream Pepsi Max Lime -juomatiiviste 440ml, Unit Price: 5,90 €, Comparison Price: 13,41 €/l
Product: SodaStream Pepsi-juomatiiviste 440ml, Unit Price: 9,90 €, Comparison Price: 22,50 €/l
Product: Mysoda Cola Virvoitusjuomatiiviste 500ml, Unit Price: 4,89 €, Comparison Price: 9,78 €/l
Product: AARRE Gluteeniton halkaistu 100% kaurasämpylä, Unit Price: 4,09 €, Comparison Price: 17,04 €/kg
Product: Vitakraft Pepper koiran lelu, Unit Price: 2,95 €, Comparison Price: 
Product: Best Friend Wheezy koiran lateksipallo lajitelma, Unit Price: 2,35 €, Comparison Price: 
Product: Best Friend Thinny koiran pehmolelu, lajitelma, Unit Price: 7,99 €, Comparison Price: 
Product: Best Friend Ozzie koiran lelu, lajitelma, Unit Price: 4,95 €, Comparison Price: 
Product: Best Friend Max koiran pehmolelu lajitelma, Unit Price: 5,15 €, Comparison Price: 
Product: Best Friend Snacky pallo, Unit Price: 4,99 €, Comparison Price: 
Product: Best Friend Silvervine Kissan matatabi-lelu, lajitelma, Unit Price: 4,19 €, Comparison Price: 
Product: Best Friend Knobby koiran pehmolelu, Unit Price: 8,95 €, Comparison Price: 
Product: Best Friend Teaser 2in1 kissan onkilelu vaihtolelulla, Unit Price: 8,50 €, Comparison Price: 
Product: Best Friend Ball koiran tennispallo lajitelma, Unit Price: 3,50 €, Comparison Price: 
Product: Camon koiranlelu siilipallo 8cm, Unit Price: 3,99 €, Comparison Price: 
Product: Vitakraft Koiran sportball lateksi, Unit Price: 2,49 €, Comparison Price: 
Product: Vitakraft Aasi koiran lelu, Unit Price: 2,95 €, Comparison Price: 
Product: Best Friend Spiky koiran pallo, värilajitelma, Unit Price: 2,95 €, Comparison Price: 
Product: Best Friend Play kissan pallolelut, lajitelma, Unit Price: 1,99 €, Comparison Price: 
Product: Vitakraft kissan lelukeppi 2 kpl, Unit Price: 3,95 €, Comparison Price: 112,86 €/kpl
Product: Koiran TPR pentulelu 7cm, Unit Price: 2,99 €, Comparison Price: 
Product: Best Friend Bite Small koiran purunaru lajitelma, Unit Price: 3,99 €, Comparison Price: 
Product: Best Friend Donut Koiran pehmolelu S, Unit Price: 4,59 €, Comparison Price: 
Product: Best Friend Dental Tug Large koiran lelu, Unit Price: 8,99 €, Comparison Price: 
Product: Best Friend Rubberball koiran pallolelu lajitelma, Unit Price: 5,39 €, Comparison Price: 
Product: Beeztees Action Ball jalkapallo 12,5cm, Unit Price: 15,99 €, Comparison Price: 
Product: Best Friend Piggy koiran lateksilelu, Unit Price: 6,50 €, Comparison Price: 
Product: Best Friend Lost Buddies Bianca pöyhkeä pallokala koiran lelu, Unit Price: 9,95 €, Comparison Price: 
Product: HK Ohuen ohut Kalkkunanfilee 300 g, Unit Price: 3,99 €, Comparison Price: 13,30 €/kg
Product: Atria Ohuen Ohut Kalkkunaleike 200g, Unit Price: 2,95 €, Comparison Price: 14,75 €/kg
Product: Coop ohut kalkkunaleikkele 200 g, Unit Price: 1,49 €, Comparison Price: 7,45 €/kg
Product: HK Ohuen ohut Ylikypsä saunapalvikinkku 300 g, Unit Price: 3,99 €, Comparison Price: 13,30 €/kg
Product: Kotimaista Ohut Keittokinkku 200g, Unit Price: 1,55 €, Comparison Price: 7,75 €/kg
Product: Kotimaista keittokinkku 300 g, Unit Price: 2,95 €, Comparison Price: 9,83 €/kg
Product: Saarioinen Kultakalkkuna limiviipale, kokolihavalmiste 200g, Unit Price: 3,99 €, Comparison Price: 19,95 €/kg
Product: Savuhovi Pitkään Kypsynyt Aito Saunapalvikinkku 180g, Unit Price: 3,19 €, Comparison Price: 17,72 €/kg
Product: Atria Saunapalvi 350g, Unit Price: 3,39 €, Comparison Price: 9,69 €/kg
Product: Savuhovi Priima Liekitetty kalkkuna 150g, Unit Price: 2,79 €, Comparison Price: 18,60 €/kg
Product: HK Ohuen ohut Broilerinfilee 300 g, Unit Price: 3,99 €, Comparison Price: 13,30 €/kg
Product: Snellman Ohuen ohut kalkkunanfilee 150g, Unit Price: 3,69 €, Comparison Price: 24,60 €/kg
Product: Kotimaista Saunapalvi 300g, Unit Price: 2,95 €, Comparison Price: 9,83 €/kg
Product: Atria Kalkkunaleike 250g, Unit Price: 4,15 €, Comparison Price: 16,60 €/kg
Product: Atria Ohuen Ohut Paahdettu Kanafilee 150g, Unit Price: 3,59 €, Comparison Price: 23,93 €/kg
Product: Saarioinen Pippurikalkkuna limiviipale, kokolihavalmiste kalkkunan- ja broilerinfileestä 200g, Unit Price: 3,99 €, Comparison Price: 19,95 €/kg
Product: HK Ohuen ohut Palvikalkkuna 200 g, Unit Price: 2,49 €, Comparison Price: 12,45 €/kg
Product: Snellman Kotimainen palvikinkku 400g, Unit Price: 5,29 €, Comparison Price: 13,23 €/kg
Product: HK Ohuen ohut Keittokinkku 300 g, Unit Price: 3,99 €, Comparison Price: 13,30 €/kg
Product: Snellman Ohuen ohut kinkku 180g, Unit Price: 3,39 €, Comparison Price: 18,83 €/kg
Product: Atria Ohut Paahdettu Kinkku 200g, Unit Price: 3,89 €, Comparison Price: 19,45 €/kg
Product: Savuhovi Priima Ohuen ohut Kalkkuna filee 150g, Unit Price: 2,89 €, Comparison Price: 19,27 €/kg
Product: Savuhovi Pitkään kypsynyt aito Saunapalvikalkkuna 180g, Unit Price: 3,29 €, Comparison Price: 18,28 €/kg
Product: Coop ohut broilerileikkele 200 g, Unit Price: 1,49 €, Comparison Price: 7,45 €/kg
Product: Kotimaista 200g mustikka pakaste, Unit Price: 1,73 €, Comparison Price: 8,65 €/kg
Product: Pakkasmarja 100% suomalainen mustaherukka 200g, Unit Price: 1,55 €, Comparison Price: 7,75 €/kg
Product: Pakkasmarja 100% suomalainen mansikka 1kg, Unit Price: 9,49 €, Comparison Price: 9,49 €/kg
Product: Kotimaista 200g puolukka pakaste, Unit Price: 0,79 €, Comparison Price: 3,95 €/kg
Product: Pakkasmarja 1kg 100% suomalainen mustikka, Unit Price: 9,15 €, Comparison Price: 9,15 €/kg
Product: Pakkasmarja 200g suomalainen puutarhavadelma, Unit Price: 4,59 €, Comparison Price: 22,95 €/kg
Product: Pakkasmarja 250g Suomalainen Kuningas Marjasekoitus, Unit Price: 3,15 €, Comparison Price: 12,60 €/kg
Product: Pakkasmarja  100% suomalainen punaherukka 200g, Unit Price: 1,59 €, Comparison Price: 7,95 €/kg
Product: Pakkasmarja  100% suomalainen mansikka 250g, Unit Price: 2,95 €, Comparison Price: 11,80 €/kg
Product: Pakkasmarja 100% suomalainen mansikka 500g, Unit Price: 5,79 €, Comparison Price: 11,58 €/kg
Product: Pakkasmarja  100 % suomalainen mustikka 200g, Unit Price: 2,19 €, Comparison Price: 10,95 €/kg
Product: Pakkasmarja 800g Suomalainen Kuningas Marjasekoitus, Unit Price: 9,85 €, Comparison Price: 12,31 €/kg
Product: Coop vadelma ja mustikka 250 g pakaste, Unit Price: 2,09 €, Comparison Price: 8,36 €/kg
Product: Coop vadelma 200 g pakaste, Unit Price: 1,79 €, Comparison Price: 8,95 €/kg
Product: Xtra mansikka 500 g pakaste, Unit Price: 1,43 €, Comparison Price: 2,86 €/kg
Product: Coop mansikka 300 g pakaste, Unit Price: 1,19 €, Comparison Price: 3,97 €/kg
Product: Xtra vadelma 400 g pakaste, Unit Price: 3,39 €, Comparison Price: 8,48 €/kg
Product: Pakkasmarja suomalainen puolukka 1kg, Unit Price: 5,95 €, Comparison Price: 5,95 €/kg
Product: Pakkasmarja  100% suomalainen puolukka 200g, Unit Price: 1,75 €, Comparison Price: 8,75 €/kg
Product: Pakkasmarja 100% suomalainen marjasekoitus luomu 250g, Unit Price: 2,99 €, Comparison Price: 11,96 €/kg
Product: Coop kirsikka 250 g pakaste, Unit Price: 2,15 €, Comparison Price: 8,60 €/kg
Product: Pakkasmarja 100% suomalainen mustaherukka luomu 200g, Unit Price: 1,69 €, Comparison Price: 8,45 €/kg
Product: Marjex pakastemarjamix 1kg, Unit Price: 6,85 €, Comparison Price: 6,85 €/kg
Product: Xtra marjasekoitus 500 g pakaste, Unit Price: 2,35 €, Comparison Price: 4,70 €/kg
Product: Sisäfileepihvi, Unit Price: 78,90 €, Comparison Price: 
Product: Rainbow 2,5kg grillihiili, Unit Price: 5,99 €, Comparison Price: 2,40 €/kg
Product: Rainbow 4kg Premium grillihiilet, Unit Price: 9,99 €, Comparison Price: 2,50 €/kg
Product: Rainbow 5kg grillihiili, Unit Price: 10,99 €, Comparison Price: 2,20 €/kg
Product: Rainbow kertakäyttögrilli, Unit Price: 4,99 €, Comparison Price: 
Product: Weber Puuhiili 3 kg FSC, Unit Price: 9,95 €, Comparison Price: 3,32 €/kg
Product: Marienburg grillihiili 20L 100% leppä, Unit Price: 7,95 €, Comparison Price: 0,40 €/l
Product: Marienburg 50L grillihiili, Unit Price: 17,90 €, Comparison Price: 0,36 €/l
Product: Mariennburg grillihiili 30L 100% leppä, Unit Price: 11,90 €, Comparison Price: 0,40 €/l
Product: Valio Viola® e200 g maustamaton tuorejuusto laktoositon, Unit Price: 2,29 €, Comparison Price: 11,45 €/kg
Product: Valio Viola® kevyt e200 g ruohosipuli tuorejuusto laktoositon, Unit Price: 2,29 €, Comparison Price: 11,45 €/kg
Product: Philadelphia Orginal Tuorejuusto 200g, Unit Price: 2,19 €, Comparison Price: 10,95 €/kg
Product: Valio Viola® kevyt e200 g yrtti tuorejuusto laktoositon, Unit Price: 2,29 €, Comparison Price: 11,45 €/kg
Product: Valio Viola® e200 g valkosipuli tuorejuusto laktoositon, Unit Price: 2,29 €, Comparison Price: 11,45 €/kg
Product: Coop maustamaton tuorejuusto 200 g, Unit Price: 1,05 €, Comparison Price: 5,25 €/kg
Product: Philadelphia Original Tuorejuusto 300g, Unit Price: 3,25 €, Comparison Price: 10,83 €/kg
Product: Valio Viola® kevyt e200 g aurinkokuivattu tomaatti tuorejuusto laktoositon, Unit Price: 2,29 €, Comparison Price: 11,45 €/kg
Product: Crème Bonjour 200g Valkosipuli tuorejuusto laktoositon, Unit Price: 2,25 €, Comparison Price: 11,25 €/kg
Product: Rainbow Valkosipuli & yrtit tuorejuusto laktoositon 200 g, Unit Price: 0,95 €, Comparison Price: 4,75 €/kg
Product: Valio Viola® kevyt e200 g maustamaton tuorejuusto laktoositon, Unit Price: 2,29 €, Comparison Price: 11,45 €/kg
Product: Granarolo 250g Accadi mascarpone juusto laktoositon, Unit Price: 3,05 €, Comparison Price: 12,20 €/kg
Product: Coop mascarpone tuorejuusto 250 g, Unit Price: 2,49 €, Comparison Price: 9,96 €/kg
Product: Crème Bonjour 200g Ruohosipuli tuorejuusto laktoositon, Unit Price: 2,25 €, Comparison Price: 11,25 €/kg
Product: Valio Viola® e200 g Meksiko tuorejuusto laktoositon, Unit Price: 2,29 €, Comparison Price: 11,45 €/kg
Product: Valio Viola® kevyt e200 g paprika-chili tuorejuusto laktoositon, Unit Price: 2,29 €, Comparison Price: 11,45 €/kg
Product: Valio Keittiön Mascarpone e200 g laktoositon, Unit Price: 2,75 €, Comparison Price: 13,75 €/kg
Product: Valio Viola® e200 g vanilja tuorejuusto laktoositon, Unit Price: 2,29 €, Comparison Price: 11,45 €/kg
Product: Castelli ricotta 250g, Unit Price: 2,69 €, Comparison Price: 10,76 €/kg
Product: Valio Viola® kevyt e200 g kylmäsavulohi tuorejuusto laktoositon, Unit Price: 2,29 €, Comparison Price: 11,45 €/kg
Product: Philadelphia Light tuorejuusto 200g, Unit Price: 2,19 €, Comparison Price: 10,95 €/kg
Product: Valio Viola® kevyt e200 g kolme pippuria tuorejuusto laktoositon, Unit Price: 2,29 €, Comparison Price: 11,45 €/kg
Product: Philadelphia Laktoositon Tuorejuusto 265, Unit Price: 3,25 €, Comparison Price: 12,26 €/kg
Product: Rainbow 200 g sipuli ja punainen paprika tuorejuusto, Unit Price: 0,95 €, Comparison Price: 4,75 €/kg
Product: S-kestokassi iso 39 x 45 x 23 cm, Unit Price: 1,50 €, Comparison Price: 
Product: S-kestokassi pieni 36 x 35 x 18 cm, Unit Price: 1,15 €, Comparison Price: 
Product: S-kestokassi mini 25,5 x 25,5 x 10 cm, Unit Price: 0,50 €, Comparison Price: 
Product: Kestohevipussi 11g, Unit Price: 0,79 €, Comparison Price: 
Product: Amer 450*500*0.170 Thermokassi, Unit Price: 1,40 €, Comparison Price: 
Product: Reilun kaupan puuvillakassi, Unit Price: 1,95 €, Comparison Price: 
Product: Amer Thermo 430*530*0.170 kukkakassi, Unit Price: 1,15 €, Comparison Price: 
Product: Myllyn Paras Emännän Puolikarkea Vehnäjauho 5kg, Unit Price: 5,99 €, Comparison Price: 1,20 €/kg
Product: Riitan Herkku Kuningatar Pannacotta 180g, Unit Price: 1,49 €, Comparison Price: 8,28 €/kg
Product: Rainbow Parmigiano Reggiano juusto 125 g PDO 30% rasvaa, Unit Price: 3,29 €, Comparison Price: 26,32 €/kg
Product: Castelli Grana Padano pala, Unit Price: 3,49 €, Comparison Price: 17,45 €/kg
Product: Granarolo 200g Parmigiano Reggiano parmesaanijuusto, Unit Price: 5,49 €, Comparison Price: 27,45 €/kg
Product: Castelli Gran Castelli juusto, Unit Price: 3,19 €, Comparison Price: 25,52 €/kg
Product: Pecorino Romano 150g, Unit Price: 4,85 €, Comparison Price: 32,33 €/kg
Product: Castelli Parmigiano Reggiano luomu, Unit Price: 6,75 €, Comparison Price: 33,75 €/kg
Product: Castelli Gran Castelli juusto, Unit Price: 4,95 €, Comparison Price: 24,75 €/kg
Product: Castelli 125g Parmigiano Reggiano, Unit Price: 4,59 €, Comparison Price: 36,72 €/kg
Product: Grana Padano 0,2 kg, Unit Price: 5,19 €, Comparison Price: 25,95 €/kg
Product: Parrano Robusto cheese wedge 150g, Unit Price: 3,85 €, Comparison Price: 25,67 €/kg
Product: Quattrocento pala 150 g, Unit Price: 4,19 €, Comparison Price: 27,93 €/kg
Product: Wyke Farms IVY'S Vintage 15 kk kypsytetty cheddar juusto 200g, Unit Price: 4,79 €, Comparison Price: 23,95 €/kg
Product: Jukolan Aito Cheddar Originaali 160 g, Unit Price: 5,59 €, Comparison Price: 34,94 €/kg
Product: Jukolan Aito Cheddar Vintage 160 g, Unit Price: 6,25 €, Comparison Price: 39,06 €/kg
Product: Aito Cheddar punaviini Tommasi Amarone 160g, Unit Price: 6,09 €, Comparison Price: 38,06 €/kg
Product: Lumene KLASSIKKO Syväpuhdistava puhdistusgeeli kaikille ihotyypeille 150ml, Unit Price: 4,15 €, Comparison Price: 27,67 €/l
Product: LV 150ml puhdistusgeeli kasvoille, Unit Price: 4,35 €, Comparison Price: 29,00 €/l
Product: Erisan Hajusteeton Hoitava Puhdistusgeeli 150 ml, Unit Price: 4,69 €, Comparison Price: 31,27 €/l
Product: Smuuti Skin Watermelon Sorbet Balm puhdistusbalmi 100 ml, Unit Price: 15,95 €, Comparison Price: 159,50 €/l
Product: Lumene KLASSIKKO Micellar-puhdistusvesi 200ml, Unit Price: 4,59 €, Comparison Price: 22,95 €/l
Product: Lumene PUHDAS Syväpuhdistava micellar-puhdistusgeeli 150ml, Unit Price: 7,49 €, Comparison Price: 49,93 €/l
Product: LV 150ml Puhdistusvaahto, Unit Price: 6,15 €, Comparison Price: 41,00 €/l
Product: Garnier Skin Active Micellar puhdistusvesi normaalille ja herkälle iholle  400ml, Unit Price: 5,95 €, Comparison Price: 14,88 €/l
Product: Änglamark puhdistusvaahto 150 ml, Unit Price: 3,95 €, Comparison Price: 26,33 €/l
Product: Lumene KIRKAS Kirkastava puhdistusvaahto 150ml, Unit Price: 8,85 €, Comparison Price: 59,00 €/l
Product: Garnier SkinActive Micellar Cleansing Rose Water puhdistusvesi 400ml, Unit Price: 5,95 €, Comparison Price: 14,88 €/l
Product: Lumene HELLÄ Kosteuttava puhdistusvaahto 150 ml, Unit Price: 8,85 €, Comparison Price: 59,00 €/l
Product: Lumene KLASSIKKO Pehmeä Puhdistusmaito 150ml, Unit Price: 4,99 €, Comparison Price: 33,27 €/l
Product: Garnier Skin Active Micellar Oil öljyjä sisältävä puhdistusvesi 400ml, Unit Price: 5,95 €, Comparison Price: 14,88 €/l
Product: Erisan Hajusteeton Syväpuhdistava Puhdistusgeeli 150 ml, Unit Price: 5,09 €, Comparison Price: 33,93 €/l
Product: NIVEA 200ml Caring Cleansing Milk -puhdistusemulsio, Unit Price: 5,60 €, Comparison Price: 28,00 €/l
Product: NIVEA 150ml Refreshing Wash Gel -puhdistusgeeli, Unit Price: 5,19 €, Comparison Price: 34,60 €/l
Product: L300 Cleansing Mousse kuivan ihon puhdistusvaahto 150ml, Unit Price: 6,65 €, Comparison Price: 44,33 €/l
Product: Ziaja puhdistusvaahto kuivalle iholle 150 ml, Unit Price: 5,85 €, Comparison Price: 39,00 €/l
Product: Lumene HELLÄ Kosteuttava puhdistusvoide 150ml, Unit Price: 6,99 €, Comparison Price: 46,60 €/l
Product: NIVEA 150ml Purify Pores Daily Wash Scrub -puhdistusgeeli, Unit Price: 5,69 €, Comparison Price: 37,93 €/l
Product: Neutrogena Clear & Defend Facial Wash puhdistusgeeli 200 ml, Unit Price: 6,85 €, Comparison Price: 34,25 €/l
Product: Smuuti Skin Kiwi Clear Cleansing foam puhdistusvaahto 150 ml, Unit Price: 13,95 €, Comparison Price: 93,00 €/l
Product: Lumene KLASSIKKO Kuoriva puhdistusgeeli 150 ml, Unit Price: 4,95 €, Comparison Price: 33,00 €/l
Product: Fazer Kismet suklaapatukka 55g, Unit Price: 0,89 €, Comparison Price: 16,18 €/kg
Product: Fazer Kismet Pätkis suklaapatukka 41g, Unit Price: 0,89 €, Comparison Price: 21,71 €/kg
Product: Twix suklaapatukka 50g, Unit Price: 0,89 €, Comparison Price: 17,80 €/kg
Product: Fazer Kismet Vadelmajogurtti suklaapatukka 41g, Unit Price: 0,89 €, Comparison Price: 21,71 €/kg
Product: Twix Xtra suklaapatukka 75g, Unit Price: 0,99 €, Comparison Price: 13,20 €/kg
Product: Kinder Bueno 43g maitosuklaapäällysteinen vohveli maitoisalla hasselpähkinätäytteellä, Unit Price: 1,05 €, Comparison Price: 24,42 €/kg
Product: Fazer Suffeli suklaavohveli 21g, Unit Price: 0,51 €, Comparison Price: 24,29 €/kg
Product: Twix White suklaapatukka 46g, Unit Price: 0,89 €, Comparison Price: 19,35 €/kg
Product: Kinder Bueno White 39g valkosuklaalla päällystetty vohveli maitoisalla hasselpähkinätäytteell, Unit Price: 1,05 €, Comparison Price: 26,92 €/kg
Product: Twix suklaapatukka monipakkaus 5x50g, Unit Price: 2,99 €, Comparison Price: 11,96 €/kg
Product: KitKat White 41.5g vohvelipatukka, Unit Price: 0,75 €, Comparison Price: 17,86 €/kg
Product: Marabou KEX suklaapatukka 50g, Unit Price: 0,65 €, Comparison Price: 13,00 €/kg
Product: Nestlé Kit Kat 41,5g suklaakuorrutteinen vohvelipatukka, Unit Price: 0,75 €, Comparison Price: 17,86 €/kg
Product: Nestlé Kit Kat Chunky 40g suklaakuorrutteinen vohvelipatukka, Unit Price: 0,75 €, Comparison Price: 18,75 €/kg
Product: Kinder Bueno 3-pack maitosuklaapäällysteinen vohveli maitoisalla hasselpähkinätäytteellä x 43g, Unit Price: 2,55 €, Comparison Price: 19,77 €/kg
Product: Twix Salted Caramel suklaapatukka 46g, Unit Price: 0,89 €, Comparison Price: 19,35 €/kg
Product: KitKat Dark 41,5g vohvelipatukka, Unit Price: 0,75 €, Comparison Price: 17,86 €/kg
Product: Fazer Kismet Dumle suklaapatukka 55g, Unit Price: 0,89 €, Comparison Price: 16,18 €/kg
Product: KitKat Hazelnut 41,5g vohvelipatukka, Unit Price: 0,75 €, Comparison Price: 17,86 €/kg
Product: Marabou Oreo suklaapatukka 37g, Unit Price: 0,85 €, Comparison Price: 22,97 €/kg
Product: Kinder Bueno 3-pack valkosuklaalla päällystetty vohveli maitoisalla hasselpähkinätäytteellä x 39g, Unit Price: 2,55 €, Comparison Price: 21,79 €/kg
Product: Kinder Happy Hippo Maito- ja kaakaokreemillä täytetty rapea vohvelipatukka
 20,7g, Unit Price: 0,58 €, Comparison Price: 27,62 €/kg
Product: Ritter Sport Roasted Peanut Vegaanisuklaa 100g, Unit Price: 2,75 €, Comparison Price: 27,50 €/kg
Product: Rainbow vegaaninen keksipatukka luomu 25g, Unit Price: 0,95 €, Comparison Price: 38,00 €/kg
Product: Karl Fazer Kaura choco Kaura-kaakaolevy 62g, Unit Price: 2,55 €, Comparison Price: 41,13 €/kg
Product: Goodio Kauravalkosuklaa Minttu luomu 48g, Unit Price: 1,95 €, Comparison Price: 40,63 €/kg
Product: Goodio Kauravalkosuklaa Original luomu 48g, Unit Price: 1,95 €, Comparison Price: 40,63 €/kg
Product: Ritter Sport Crispy Cookie Vegaanisuklaa 100g, Unit Price: 2,75 €, Comparison Price: 27,50 €/kg
Product: NOMO Vegan & Free From caramel vaalea kaakaomakeinen 38g, Unit Price: 2,09 €, Comparison Price: 55,00 €/kg
Product: NOMO Kaakaomakeinen karamellisoidulla keksillä 34g, Unit Price: 2,09 €, Comparison Price: 61,47 €/kg
Product: Rainbow vegaaninen luomusuklaa karamelli ja merisuola 85 g, Unit Price: 1,89 €, Comparison Price: 22,24 €/kg
Product: Goodio Kaurasuklaa Original luomu 48g, Unit Price: 1,95 €, Comparison Price: 40,63 €/kg
Product: Karl Fazer Kaura Choco hasselpähkinä kaura-kaakaolevy 62g, Unit Price: 2,55 €, Comparison Price: 41,13 €/kg
Product: Puhdistamo Luomu Raakasuklaapatukka Tumma 36 g, Unit Price: 2,85 €, Comparison Price: 79,17 €/kg
Product: Puhdistamo Raakasuklaapatukka Minttu 33 g, Unit Price: 2,85 €, Comparison Price: 86,36 €/kg
Product: Valio PROfeel® proteiinivanukas 180 g suklaa laktoositon, Unit Price: 1,39 €, Comparison Price: 7,72 €/kg
Product: Valio PROfeel® proteiinivanukas 180 g tutti frutti laktoositon, Unit Price: 1,39 €, Comparison Price: 7,72 €/kg
Product: Valio PROfeel® proteiinivanukas 180 g minttusuklaa laktoositon, Unit Price: 1,39 €, Comparison Price: 7,72 €/kg
Product: Valio PROfeel® proteiinivanukas 180 g suklaa-toffee laktoositon, Unit Price: 1,39 €, Comparison Price: 7,72 €/kg
Product: Valio PROfeel® proteiinivanukas 180 g vanilja-marenki laktoositon, Unit Price: 1,39 €, Comparison Price: 7,72 €/kg
Product: Valio PROfeel® proteiinivanukas 180 g kermakaramelli laktoositon, Unit Price: 1,39 €, Comparison Price: 7,72 €/kg
Product: Valio PROfeel® proteiinimousse 150 g suklaa laktoositon, Unit Price: 1,39 €, Comparison Price: 9,27 €/kg
Product: Valio PROfeel® proteiinivanukas 185 g suklaa-mansikka makeutusaineeton laktoositon, Unit Price: 1,39 €, Comparison Price: 7,51 €/kg
Product: Valio PROfeel® proteiinivanukas 185 g banoffee makeutusaineeton laktoositon, Unit Price: 1,39 €, Comparison Price: 7,51 €/kg
Product: Jacky Makupala maitosuklaavanukas 120g, Unit Price: 0,59 €, Comparison Price: 4,92 €/kg
Product: Valio PROfeel® proteiinivanukas 185 g suklaa-nougat makeutusaineeton laktoositon, Unit Price: 1,39 €, Comparison Price: 7,51 €/kg
Product: Ehrmann High Protein Pudding Suklaanmakuinen proteiinivanukas proteiinikermavaahdolla 200 g, Unit Price: 1,69 €, Comparison Price: 8,45 €/kg
Product: Maitokolmio PROFIT laktoositon suklaa fudge proteiinivanukas 150g, Unit Price: 0,99 €, Comparison Price: 6,60 €/kg
Product: Jacky Makupala kinuskivanukas 120g, Unit Price: 0,59 €, Comparison Price: 4,92 €/kg
Product: Ehrmann proteiinivanukas 200 g banaani suklaavaahdolla, Unit Price: 1,69 €, Comparison Price: 8,45 €/kg
Product: Maitokolmio PROFIT laktoositon toffee fudge proteiinivanukas 150g, Unit Price: 0,99 €, Comparison Price: 6,60 €/kg
Product: Alpro Protein pudding suklaa 200g, Unit Price: 1,89 €, Comparison Price: 9,45 €/kg
Product: Jacky Makupala kaakaovanukas 120g, Unit Price: 0,59 €, Comparison Price: 4,92 €/kg
Product: Maitokolmio PROFIT laktoositon lakritsifudge proteiinivanukas 150g, Unit Price: 0,99 €, Comparison Price: 6,60 €/kg
Product: Rainbow 150g salted caramel proteiinivanukas, Unit Price: 0,99 €, Comparison Price: 6,60 €/kg
Product: Rainbow 150g vanilla proteiinivanukas, Unit Price: 0,99 €, Comparison Price: 6,60 €/kg
Product: Maitokolmio PROFIT laktoositon valkosuklaa fudge proteiinivanukas 150g, Unit Price: 0,99 €, Comparison Price: 6,60 €/kg
Product: Dr. Oetker PAULA Vanilja-Suklaa vanukas +suklaarakeet 125g, Unit Price: 1,15 €, Comparison Price: 9,20 €/kg
Product: Maitokolmio PROFIT laktoositon Mokkasuklaafudge proteiinivanukas 150g, Unit Price: 0,99 €, Comparison Price: 6,60 €/kg
Product: Smuuti Skin Watermelon Sorbet Balm puhdistusbalmi 100 ml, Unit Price: 15,95 €, Comparison Price: 159,50 €/l
Product: Lumene KLASSIKKO Pehmeä Puhdistusmaito 150ml, Unit Price: 4,99 €, Comparison Price: 33,27 €/l
Product: Valio Hyvä suomalainen Arki® rae 500 g, Unit Price: 2,95 €, Comparison Price: 5,90 €/kg
Product: Rainbow 400 g 0,2%  vähälaktoosinen raejuusto, Unit Price: 1,48 €, Comparison Price: 3,70 €/kg
Product: Valio raejuusto 200 g, Unit Price: 1,45 €, Comparison Price: 7,25 €/kg
Product: Kotimaista 200g raejuusto laktoositon 2%, Unit Price: 1,29 €, Comparison Price: 6,45 €/kg
Product: Valio Hyvä suomalainen Arki® rae rasvaton 500 g laktoositon, Unit Price: 2,95 €, Comparison Price: 5,90 €/kg
Product: Rainbow 400 g 2% raejuusto, Unit Price: 1,96 €, Comparison Price: 4,90 €/kg
Product: Valio raejuusto 400 g, Unit Price: 2,85 €, Comparison Price: 7,13 €/kg
Product: Arla Keso 450 g 1,5% maustamaton raejuusto, Unit Price: 3,35 €, Comparison Price: 7,44 €/kg
Product: Arla Keso 450 g 1,5% laktoositon raejuusto, Unit Price: 3,35 €, Comparison Price: 7,44 €/kg
Product: Kotimaista vähälaktoosinen raejuusto 2%  400g, Unit Price: 2,55 €, Comparison Price: 6,37 €/kg
Product: Kotimaista rasvaton raejuusto vähälaktoosinen 400g, Unit Price: 2,55 €, Comparison Price: 6,37 €/kg
Product: Arla Keso 1,5% laktoositon maustamaton raejuusto 200 g, Unit Price: 1,75 €, Comparison Price: 8,75 €/kg
Product: Xtra raejuusto 3,5% 300 g, Unit Price: 1,29 €, Comparison Price: 4,30 €/kg
Product: Valio raejuusto 200 g rasvaton laktoositon, Unit Price: 2,29 €, Comparison Price: 11,45 €/kg
Product: Valio raejuusto 200 g laktoositon, Unit Price: 2,25 €, Comparison Price: 11,25 €/kg
Product: Valio Hyvä suomalainen Arki® pehmeä raejuusto 200 g laktoositon, Unit Price: 1,29 €, Comparison Price: 6,45 €/kg
Product: Arla 400 g  laktoositon rasvaton raejuusto, Unit Price: 3,45 €, Comparison Price: 8,63 €/kg
Product: Vapaa Raejuusto 2% laktoositon 400g, Unit Price: 2,89 €, Comparison Price: 7,23 €/kg
Product: Arla Keso raejuusto vanilja 200 g, Unit Price: 1,85 €, Comparison Price: 9,25 €/kg
Product: Valio PROfeel® maustettu raejuusto 170 g ananas-mango laktoositon, Unit Price: 1,45 €, Comparison Price: 8,53 €/kg
Product: Valio PROfeel® maustettu raejuusto 170 g uuniomena laktoositon, Unit Price: 1,45 €, Comparison Price: 8,53 €/kg
Product: Pioni 3kpl, värilajitelma, Unit Price: 7,50 €, Comparison Price: 
Product: Viikkokimppu, 8 oksaa, vaihteleva lajitelma, sävykääre, 50cm, Unit Price: 4,29 €, Comparison Price: 
Product: Krysanteemikimppu, Unit Price: 3,79 €, Comparison Price: 
Product: Lilja 3kpl, lajitelma, Unit Price: 3,99 €, Comparison Price: 
Product: Kuukausikimppu, Unit Price: 8,99 €, Comparison Price: 
Product: Oksaneilikka, värilajitelma, 8 oksaa, 50cm, Unit Price: 6,99 €, Comparison Price: 
Product: Pingviini Vanilja kermajäätelö kotipakkaus 1L/495g, Unit Price: 1,75 €, Comparison Price: 1,75 €/l
Product: Aino Ihana maitosuklaa kermajäätelö kotipakkaus 530g/900ml, Unit Price: 5,49 €, Comparison Price: 6,10 €/l
Product: Ben & Jerry's Cookie Dough Vanilja Jäätelö 465ml/406g, Unit Price: 7,49 €, Comparison Price: 16,11 €/l
Product: Pingviini Wanhan Ajan Vanilja kermajäätelö kotipakkaus 1L/540g, Unit Price: 2,29 €, Comparison Price: 2,29 €/l
Product: 3 Kaveria Toffee & Crunch jäätelöpuikko 110ml/80g, Unit Price: 2,65 €, Comparison Price: 33,13 €/kg
Product: 3 Kaveria Vegaaninen Pistaasi jäätelöpuikko 110ml/80g, Unit Price: 2,65 €, Comparison Price: 33,13 €/kg
Product: Pingviini Herkkutrio kermajäätelö kotipakkaus 1L/517g, Unit Price: 2,29 €, Comparison Price: 2,29 €/l
Product: Aino Wanhan Ajan Vanilja & Mansikka kermajäätelö kotipakkaus  526g/900ml, Unit Price: 5,49 €, Comparison Price: 6,10 €/l
Product: Aino Karpalo&Kinuski Laktoositon kermajäätelö kotipakkaus  527g/900ml, Unit Price: 6,19 €, Comparison Price: 6,88 €/l
Product: Pingviini Lakritsi kermajäätelö kotipakkaus 1L/530g, Unit Price: 2,29 €, Comparison Price: 2,29 €/l
Product: Aino Vadelmasuklaa kermajäätelö kotipakkaus 509g/900ml, Unit Price: 5,49 €, Comparison Price: 6,10 €/l
Product: Aino Lumoava Lakritsi kermajäätelö kotipakkaus 504g/900ml, Unit Price: 5,49 €, Comparison Price: 6,10 €/l
Product: Kotimaista laktoositon kermajäätelö kotipakkaus vanilja 1L/495g, Unit Price: 2,29 €, Comparison Price: 2,29 €/l
Product: Aino Suolainen Kinuski kermajäätelö kotipakkaus 522g/900ml, Unit Price: 5,49 €, Comparison Price: 6,10 €/l
Product: Pingviini Suklaa-Nougat kermajäätelö kotipakkaus 1L/519g, Unit Price: 2,29 €, Comparison Price: 2,29 €/l
Product: Pingviini Päärynä Laktoositon kermajäätelö kotipakkaus 525g/1L, Unit Price: 3,19 €, Comparison Price: 3,19 €/l
Product: Pingviini Kuningatar Laktoositon kermajäätelö kotipakkaus 1L/536g, Unit Price: 3,19 €, Comparison Price: 3,19 €/l
Product: Pingviini Vanilja Laktoositon kermajäätelö kotipakkaus 1L/505g, Unit Price: 2,89 €, Comparison Price: 2,89 €/l
Product: Aino Kinuski & Brownie Laktoositon kermajäätelö kotipakkaus 500g/900ml, Unit Price: 6,19 €, Comparison Price: 6,88 €/l
Product: Aino Suklainen Mokkaunelma kermajäätelö kotipakkaus  508g/900ml, Unit Price: 5,49 €, Comparison Price: 6,10 €/l
Product: Pingviini Vanilja & Suklaahippu Laktoositon kermajäätelö kotipakkaus  500g/1L, Unit Price: 3,19 €, Comparison Price: 3,19 €/l
Product: Ben & Jerry's  Sundae Marshmallow & S'more! Jäätelö     427ml/316g, Unit Price: 7,49 €, Comparison Price: 17,54 €/l
Product: 3 Kaveria Laktoositon Vanilja jäätelö 500ml/400g, Unit Price: 6,75 €, Comparison Price: 13,50 €/l
Product: Oreo Jäätelö 825ml/438g, Unit Price: 4,99 €, Comparison Price: 6,05 €/l
Product: 2 x Pepsi Max virvoitusjuoma 1,5 l, Unit Price: 3,69 €, Comparison Price: 0,96 €/l
Product: 2-pack Coca-Cola Zero Sugar virvoitusjuoma muovipullo 1,5 L, Unit Price: 3,99 €, Comparison Price: 1,06 €/l
Product: 2-pack Coca-Cola Original Taste virvoitusjuoma muovipullo 1,5 L, Unit Price: 4,99 €, Comparison Price: 1,40 €/l
Product: Kotimaista vichy 1,5l, Unit Price: 1,29 €, Comparison Price: 0,59 €/l
Product: Xtra hiilihapotettu kivennäisvesi 1,5l, Unit Price: 0,85 €, Comparison Price: 0,30 €/l
Product: Rainbow Sitrus light virvoitusjuoma 1,5l, Unit Price: 1,65 €, Comparison Price: 0,83 €/l
Product: 24-pack Coop Lager olut 4,2 % tölkki 0,33 L, Unit Price: 23,76 €, Comparison Price: 2,55 €/l
Product: 24 x Sandels 4,7 % olut 0,33 l tlk salkku, Unit Price: 30,96 €, Comparison Price: 3,45 €/l
Product: 2 x Hartwall Jaffa Appelsiini Sokeriton virvoitusjuoma 1,5 l, Unit Price: 4,29 €, Comparison Price: 1,16 €/l
Product: Rainbow Ananas virvoitusjuoma sokeriton 1,5l, Unit Price: 1,75 €, Comparison Price: 0,90 €/l
Product: 24-pack Bonaqua Villivadelma 0,33 l muovipullo kivennäisvesi, Unit Price: 10,99 €, Comparison Price: 1,08 €/l
Product: Pommac virvoitusjuoma 1,5 l, Unit Price: 3,79 €, Comparison Price: 2,26 €/l
Product: Sprite Sitruuna-Lime virvoitusjuoma muovipullo 1,5 L, Unit Price: 3,39 €, Comparison Price: 1,99 €/l
Product: 7UP Zero Sugar virvoitusjuoma 1,5 l, Unit Price: 2,85 €, Comparison Price: 1,63 €/l
Product: 6-pack Crisp alkoholiton vaalea lager olut 0 % tölkki 0,33 L, Unit Price: 6,52 €, Comparison Price: 2,84 €/l
Product: 2 x Hartwall Jaffa Appelsiini virvoitusjuoma 1,5 l, Unit Price: 4,99 €, Comparison Price: 1,40 €/l
Product: 6 x Hartwall Original Long Drink 5,5% 0,33 l, Unit Price: 17,40 €, Comparison Price: 8,33 €/l
Product: 24-pack Karhu Lager olut 4,6% tölkki 0,33 L, Unit Price: 30,96 €, Comparison Price: 3,45 €/l
Product: Rainbow Festival virvoitusjuoma hedelmän makuinen 1,5l, Unit Price: 2,35 €, Comparison Price: 1,30 €/l
Product: 12 x Kotimaista Hiilihapotettu kivennäisvesi sitruuna 0,33l, Unit Price: 6,29 €, Comparison Price: 1,13 €/l
Product: 6 x Hartwall Original Long Drink Pineapple 5,5% 0,33 l, Unit Price: 17,40 €, Comparison Price: 8,33 €/l
Product: Mountain Dew No Sugar virvoitusjuoma 1,5 l, Unit Price: 3,59 €, Comparison Price: 2,13 €/l
Product: Hartwall Jaffa Ananas Sokeriton virvoitusjuoma 1,5 l, Unit Price: 2,99 €, Comparison Price: 1,73 €/l
Product: 24-pack Kotimaista Lager olut 4,3 % tölkki 0,33 L, Unit Price: 25,44 €, Comparison Price: 2,76 €/l
Product: 3 Kaveria Laktoositon Vanilja jäätelö 500ml/400g, Unit Price: 4,99 €, Comparison Price: 9,98 €/l
Product: Taffel Broadway sourcream & onion maustettu sipsi 325g, Unit Price: 2,89 €, Comparison Price: 8,89 €/kg
Product: Taffel Ranch dippi 20g, Unit Price: 0,59 €, Comparison Price: 29,50 €/kg
Product: Taffel Sips suolattu sipsi 325g, Unit Price: 2,89 €, Comparison Price: 8,89 €/kg
Product: Karl Fazer Tyrkisk Peber Hot&Sour suklaalevy 180g, Unit Price: 3,45 €, Comparison Price: 19,17 €/kpl
Product: HARIBO Tropifrutti 275 g karkkipussi, Unit Price: 2,55 €, Comparison Price: 9,27 €/kg
Product: Fazer Dumle summer mix pussi 180g, Unit Price: 3,45 €, Comparison Price: 19,17 €/kpl
Product: Fazer Tutti Frutti Summer Rings Sour karkkipussi 160g, Unit Price: 1,95 €, Comparison Price: 12,19 €/kpl
Product: Estrella Sriracha Mayo sipsi 275g, Unit Price: 2,99 €, Comparison Price: 10,87 €/kg
Product: Rainbow voin makuinen mikropopcorn 3x100g, Unit Price: 1,45 €, Comparison Price: 4,83 €/kg
Product: Estrella Herkku Original Perunalastut 275g, Unit Price: 2,99 €, Comparison Price: 10,87 €/kg
Product: Fazer Remix Mini Duo karkkipussi 120g, Unit Price: 1,49 €, Comparison Price: 12,42 €/kg
Product: Rainbow 100g suolatut cashewpähkinät, Unit Price: 1,33 €, Comparison Price: 13,30 €/kg
Product: PRINGLES Original 185g, Unit Price: 2,59 €, Comparison Price: 14,00 €/kg
Product: Fazer Tutti Frutti Paradise karkkipussi 300g, Unit Price: 3,29 €, Comparison Price: 10,97 €/kpl
Product: Taffel Salt & Vinegar maustettu sipsi 145g, Unit Price: 1,89 €, Comparison Price: 13,03 €/kg
Product: Taffel Kartanon original suolattu sipsi 180g, Unit Price: 2,15 €, Comparison Price: 11,94 €/kg
Product: Coop Sweet & Salty Crispies maissisnacks 100 g, Unit Price: 1,55 €, Comparison Price: 15,50 €/kg
Product: Skittles Crazy Sours 152g, Unit Price: 1,59 €, Comparison Price: 10,46 €/kg
Product: Coop maalaisperunalastut jalapeno 175 g, Unit Price: 1,85 €, Comparison Price: 
Product: Fazer Geisha hasselpähkinänougat suklaakonvehti 270 g, Unit Price: 5,95 €, Comparison Price: 22,04 €/kg
Product: Panda Pop päärynäjätski täytelakritsipatukka 22g, Unit Price: 0,32 €, Comparison Price: 14,55 €/kg
Product: Xtra chilipähkinät 500 g, Unit Price: 2,39 €, Comparison Price: 4,78 €/kg
Product: Xtra suolapähkinät 1 kg, Unit Price: 3,35 €, Comparison Price: 3,35 €/kg
Product: Finlandia Candy  Makeiskimara 1kg makeissekoitus, Unit Price: 6,75 €, Comparison Price: 6,75 €/kg
Product: Forssan Perunasalaatti 400g, Unit Price: 1,99 €, Comparison Price: 4,97 €/kg
Product: Forssan Punajuurisalaatti 400g, Unit Price: 2,29 €, Comparison Price: 5,73 €/kg
Product: Kotimaista Coleslaw 350g, Unit Price: 1,85 €, Comparison Price: 5,29 €/kg
Product: Atria Coleslaw 300g, Unit Price: 2,39 €, Comparison Price: 7,97 €/kg
Product: Rasilaisen Hapankaali 400g, Unit Price: 2,39 €, Comparison Price: 5,98 €/kg
Product: Baba Hummus kikhernelevite - dippi 225g, Unit Price: 2,99 €, Comparison Price: 13,29 €/kg
Product: Herkku Premium skagenröra, Unit Price: 39,95 €, Comparison Price: 
Product: Sevan Hummus Original 275g, Unit Price: 3,09 €, Comparison Price: 11,24 €/kg
Product: Saarioinen Raikas kasvissalaatti 250g, Unit Price: 2,45 €, Comparison Price: 9,80 €/kg
Product: Forssan Raikas Kesäsalaatti 350g, Unit Price: 2,35 €, Comparison Price: 6,71 €/kg
Product: Atria Punajuurisalaatti 400g, Unit Price: 2,19 €, Comparison Price: 5,48 €/kg
Product: Rasilaisen Hapiskimchi 300g, Unit Price: 2,99 €, Comparison Price: 9,97 €/kg
Product: Atria Italiansalaatti 400g, Unit Price: 2,19 €, Comparison Price: 5,48 €/kg
Product: Baba Chili Hummus kikhernelevite - dippi 225g, Unit Price: 3,45 €, Comparison Price: 15,33 €/kg
Product: Atria Valkosipuli Grillisalaatti 350g, Unit Price: 2,35 €, Comparison Price: 6,71 €/kg
Product: Rasilaisen Valkosipulihapankaali 400g, Unit Price: 2,39 €, Comparison Price: 5,98 €/kg
Product: Filos 200g tzatziki, Unit Price: 2,15 €, Comparison Price: 10,75 €/kg
Product: Atria Rapea Vinaigrette Kaalisalaatti 300g, Unit Price: 2,39 €, Comparison Price: 7,97 €/kg
Product: Saarioinen Kermaperunat 320g, Unit Price: 2,59 €, Comparison Price: 8,09 €/kg
Product: Rasilaisen Hapankaali 900g, Unit Price: 4,39 €, Comparison Price: 4,88 €/kg
Product: Saarioinen Kurkkuraastesalaatti 250g, Unit Price: 2,45 €, Comparison Price: 9,80 €/kg
Product: Atria Voi-Tilli Grilliperunat 500g, Unit Price: 3,99 €, Comparison Price: 7,98 €/kg
Product: Baba Green Hummus kikhernelevite - dippi 225g, Unit Price: 3,45 €, Comparison Price: 15,33 €/kg
Product: Herkku Kana-caesarsalaatti, Unit Price: 28,90 €, Comparison Price: 
Product: 2 x Pepsi Max virvoitusjuoma 1,5 l, Unit Price: 3,69 €, Comparison Price: 0,96 €/l
Product: 2-pack Coca-Cola Zero Sugar virvoitusjuoma muovipullo 1,5 L, Unit Price: 3,99 €, Comparison Price: 1,06 €/l
Product: 2-pack Coca-Cola Original Taste virvoitusjuoma muovipullo 1,5 L, Unit Price: 4,99 €, Comparison Price: 1,40 €/l
Product: 4 x Pepsi Max virvoitusjuoma 2,0 l, Unit Price: 7,99 €, Comparison Price: 0,80 €/l
Product: Coca-Cola virvoitusjuoma muovipullo 0,5 L, Unit Price: 2,19 €, Comparison Price: 3,98 €/l
Product: Xtra sokeriton cola virvoitusjuoma 1,5l, Unit Price: 0,89 €, Comparison Price: 0,33 €/l
Product: Coca-Cola Zero Sugar virvoitusjuoma muovipullo 0,5 L, Unit Price: 2,15 €, Comparison Price: 3,90 €/l
Product: Pepsi Max virvoitusjuoma 0,5 l, Unit Price: 2,15 €, Comparison Price: 3,90 €/l
Product: 6 x Pepsi Max virvoitusjuoma 0,33 l, Unit Price: 4,45 €, Comparison Price: 1,79 €/l
Product: Coca-Cola Original Taste virvoitusjuoma muovipullo 1,5 L, Unit Price: 2,89 €, Comparison Price: 1,66 €/l
Product: 6-pack Coca-Cola virvoitusjuoma tölkki 0,33 L, Unit Price: 5,09 €, Comparison Price: 2,12 €/l
Product: Rainbow Cola Sokeriton virvoitusjuoma 0,5 l kmp, Unit Price: 0,65 €, Comparison Price: 0,90 €/l
Product: Pepsi Max virvoitusjuoma 1,5 l, Unit Price: 2,59 €, Comparison Price: 1,46 €/l
Product: Pepsi Max virvoitusjuoma 0,25 l, Unit Price: 1,29 €, Comparison Price: 4,56 €/l
Product: 24-pack Coca-Cola Zero Sokeriton virvoitusjuoma tölkki 0,33 L, Unit Price: 13,95 €, Comparison Price: 1,31 €/l
Product: 6-pack Coca-Cola Zero Sokeriton virvoitusjuoma tölkki 0,33 L, Unit Price: 4,69 €, Comparison Price: 1,91 €/l
Product: Coca-Cola Original Taste virvoitusjuoma tölkki 0,33 L, Unit Price: 1,79 €, Comparison Price: 4,97 €/l
Product: 6 x Pepsi Max Caffeine-Free virvoitusjuoma 0,33 l, Unit Price: 4,45 €, Comparison Price: 1,79 €/l
Product: Rainbow Cola virvoitusjuoma 0,5 l kmp, Unit Price: 0,78 €, Comparison Price: 1,16 €/l
Product: 24-pack Coca-Cola Original Taste virvoitusjuoma tölkki 0,33 L, Unit Price: 15,59 €, Comparison Price: 1,51 €/l
Product: 24-pack Coca-Cola Zero Sugar virvoitusjuoma muovipullo 0,33 L, Unit Price: 13,19 €, Comparison Price: 1,36 €/l
Product: Pepsi Max Caffeine-Free virvoitusjuoma 1,5 l, Unit Price: 2,99 €, Comparison Price: 1,73 €/l
Product: Coca-Cola Zero Sugar sokeriton virvoitusjuoma muovipullo 1,5 L, Unit Price: 2,69 €, Comparison Price: 1,53 €/l
Product: Rainbow Cola Sokeriton virvoitusjuoma 1,5 l kmp, Unit Price: 1,59 €, Comparison Price: 0,79 €/l
Product: Castelli Grana Padano pala, Unit Price: 3,49 €, Comparison Price: 17,45 €/kg
Product: Rainbow Croissant 70g, Unit Price: 0,65 €, Comparison Price: 9,29 €/kg
Product: Fazer Leipurit Rustico sekaleipä 400 g, Unit Price: 3,99 €, Comparison Price: 9,98 €/kg
Product: Kotimaista lihapasteija 67 g, Unit Price: 0,75 €, Comparison Price: 11,19 €/kg
Product: Fazer Leipurit vaalea hapanjuurileipä 460 g, Unit Price: 4,19 €, Comparison Price: 9,11 €/kg
Product: Fazer Leipurit Leipurimestarin kaurapellavaleipä 500 g, Unit Price: 4,39 €, Comparison Price: 8,78 €/kg
Product: Fazer Leipurit rukiinen riisipiirakka 10 kpl, Unit Price: 6,79 €, Comparison Price: 10,61 €/kg
Product: Fazer Leipurit Paesano vehnäleipä 360 g, Unit Price: 3,39 €, Comparison Price: 9,42 €/kg
Product: Fazer Leipurit Cashew-karpalociabatta 380g, Unit Price: 4,49 €, Comparison Price: 11,82 €/kg
Product: Fazer Leipurit Ciabatta vehnäsämpylä, Unit Price: 0,82 €, Comparison Price: 10,99 €/kg
Product: Fazer Leipurit Leipurimestarin vehnäpatonki 380 g, Unit Price: 3,39 €, Comparison Price: 8,92 €/kg
Product: Fazer Leipurit Leipurimestarin kaurainen maalaisleipä 350 g, Unit Price: 3,59 €, Comparison Price: 10,26 €/kpl
Product: Fazer Leipurit Leipurimestarin rouhepatonki 380 g vehnäleipä, Unit Price: 3,99 €, Comparison Price: 10,50 €/kg
Product: Rainbow Ranskalaiset patongit 2kpl 300g, Unit Price: 0,69 €, Comparison Price: 2,30 €/kg
Product: Fazer Leipurit jättivoicroissant 4 kpl, Unit Price: 4,69 €, Comparison Price: 15,63 €/kg
Product: Rainbow Croissants 330g raakapakaste, Unit Price: 2,99 €, Comparison Price: 9,06 €/kg
Product: Rainbow 350g yrttivoipatonki 2kpl pakaste, Unit Price: 1,15 €, Comparison Price: 3,29 €/kg
Product: Rainbow 350g valkosipulivoipatonki 2kpl pakaste, Unit Price: 1,89 €, Comparison Price: 5,40 €/kg
Product: Rainbow maalaismoniviljapatonki 250g., Unit Price: 1,69 €, Comparison Price: 6,76 €/kg
Product: Rainbow Cocktailpiirakka 15kpl 675g, raakapakaste, Unit Price: 1,99 €, Comparison Price: 2,95 €/kg
Product: Rainbow 250g ciabatta, Unit Price: 1,15 €, Comparison Price: 4,60 €/kg
Product: Rainbow viljaiset patongit 2kpl 300g, Unit Price: 1,99 €, Comparison Price: 6,63 €/kg
Product: Rainbow 250g maalaispatonki vehnä, Unit Price: 1,69 €, Comparison Price: 6,76 €/kg
Product: Vaasan Kotiuunin Minicroissant 12x30g, Unit Price: 3,39 €, Comparison Price: 9,42 €/kg
Product: Leipurin Pinsa Romana 230 g, Unit Price: 3,95 €, Comparison Price: 17,17 €/kg
Product: Coop halloumijuusto 200 g, Unit Price: 2,44 €, Comparison Price: 12,20 €/kg
Product: Filos original halloumi-juusto PDO 200g, Unit Price: 3,19 €, Comparison Price: 15,95 €/kg
Product: Valio Koskenlaskija® e250 g voimakas sulatejuusto laktoositon, Unit Price: 3,15 €, Comparison Price: 12,60 €/kg
Product: Valio Koskenlaskija® Ruoka & Dippi e250 g cheddar laktoositon, Unit Price: 3,29 €, Comparison Price: 13,16 €/kg
Product: Valio Koskenlaskija® e250 g perinteinen sulatejuusto laktoositon, Unit Price: 3,29 €, Comparison Price: 13,16 €/kg
Product: Kotimaista 335g leipäjuusto vähälaktoosinen, Unit Price: 3,29 €, Comparison Price: 9,82 €/kg
Product: Filos 200g halloumi-juusto suolaa vähennetty, Unit Price: 3,89 €, Comparison Price: 19,45 €/kg
Product: Olympus Halloumi PDO 200g, Unit Price: 2,95 €, Comparison Price: 14,75 €/kg
Product: Valio Koskenlaskija® Ruoka & Dippi e250 g voimakas 14 % laktoositon, Unit Price: 3,29 €, Comparison Price: 13,16 €/kg
Product: Coop grillijuusto laktoositon 200 g, Unit Price: 1,99 €, Comparison Price: 9,95 €/kg
Product: Kotimaista 480g leipäjuusto, Unit Price: 4,71 €, Comparison Price: 9,81 €/kg
Product: Valio Koskenlaskija® Ruoka & Dippi e250 g maustamaton laktoositon, Unit Price: 3,29 €, Comparison Price: 13,16 €/kg
Product: Filos halloumi-juusto lampaanmaidosta PDO 200g, Unit Price: 4,65 €, Comparison Price: 23,25 €/kg
Product: Apetina Paneer ruoanlaittojuusto 225 g, Unit Price: 3,65 €, Comparison Price: 16,22 €/kg
Product: Rainbow Sulatejuustopala 250g, Unit Price: 2,75 €, Comparison Price: 11,00 €/kg
Product: Valio Keittiön grillijuusto e200 g laktoositon, Unit Price: 3,49 €, Comparison Price: 17,45 €/kg
Product: Juustoportti Halla 150 g paistettava juusto laktoositon, Unit Price: 3,59 €, Comparison Price: 23,93 €/kg
Product: Erätuli 200g laktoositon juustoleipä, Unit Price: 2,89 €, Comparison Price: 14,45 €/kg
Product: Erätuli 200g juustoleipä, pehmeä, täysrasvainen tuorejuusto, Unit Price: 2,79 €, Comparison Price: 13,95 €/kg
Product: Fontana Grilloumi 180g Laktoositon, Unit Price: 3,19 €, Comparison Price: 17,72 €/kg
Product: Coop juokseva sulatejuusto vahva 250g, Unit Price: 2,99 €, Comparison Price: 11,96 €/kg
Product: President Brie, Unit Price: 28,30 €, Comparison Price: 
Product: Capra vuohenjuustorulla, Unit Price: 22,50 €, Comparison Price: 
Product: Kuusamon Juusto Paimenpoika Ruoka & Dippi sulatejuusto gouda 14% 200 g, Unit Price: 2,49 €, Comparison Price: 12,45 €/kg
Product: Valio Viola® kevyt e200 g paprika-chili tuorejuusto laktoositon, Unit Price: 1,29 €, Comparison Price: 6,45 €/kg
Product: Kotimaista perunajauho 500g, Unit Price: 1,15 €, Comparison Price: 2,30 €/kg
Product: Helmi Perunajauho 500g, Unit Price: 1,19 €, Comparison Price: 2,38 €/kg
Product: Helmi 500g Luomuperunajauho, Unit Price: 1,99 €, Comparison Price: 3,98 €/kg
Product: Rainbow maissitärkkelys  400 g, Unit Price: 1,29 €, Comparison Price: 3,23 €/kg
Product: Maizena Suuruste Ruskea 250 g, Unit Price: 2,79 €, Comparison Price: 11,16 €/kg
Product: Maizena Maissitärkkelys 400 g, Unit Price: 2,79 €, Comparison Price: 6,98 €/kg
Product: Maizena Suuruste Vaalea 250 g, Unit Price: 2,79 €, Comparison Price: 11,16 €/kg
Product: Fazer Gluteeniton Tapiokatärkkelys 400 g, Unit Price: 3,19 €, Comparison Price: 7,98 €/kg
Product: Korpelan Mylly Ohratärkkelys 400 g, Unit Price: 1,99 €, Comparison Price: 4,97 €/kg
Product: Rainbow 30kpl kanapurutikku, makupala koiralle, Unit Price: 3,99 €, Comparison Price: 11,57 €/kg
Product: Rainbow ankkapurutikku 30kpl, Unit Price: 3,99 €, Comparison Price: 11,57 €/kg
Product: Hau-Hau Champion Lihatikku 12 g, Unit Price: 0,45 €, Comparison Price: 37,50 €/kg
Product: Hau-Hau Champion Ankkapurutikku 13 cm, 11 kpl, 100 g, Unit Price: 2,79 €, Comparison Price: 27,90 €/kg
Product: Best Friend Naturals kanafileesuikale 225 g, Unit Price: 2,44 €, Comparison Price: 10,84 €/kg
Product: Pedigree Dentastix - Päivittäinen hammasherkku keskikokoisille koirille (10-25kg) - 7 kpl, Unit Price: 2,69 €, Comparison Price: 14,94 €/kg
Product: Oscar Nauta-porkkanaherkku 100 g, Unit Price: 1,74 €, Comparison Price: 17,40 €/kg
Product: Best Friend Naturals kanakuutio 225 g, Unit Price: 2,44 €, Comparison Price: 10,84 €/kg
Product: Hau-Hau Champion Tonnikalapala 100 g, Unit Price: 2,69 €, Comparison Price: 26,90 €/kg
Product: Pedigree Dentastix - Päivittäinen hammasherkku pienille koirille (5-10kg) - 7 kpl, Unit Price: 2,69 €, Comparison Price: 24,45 €/kg
Product: Hau-Hau Champion Kanapururulla 13 x 2,5 cm, 15 kpl, 550 g, Unit Price: 11,19 €, Comparison Price: 20,35 €/kg
Product: Best Friend Naturals ankkafilee 200 g, Unit Price: 2,44 €, Comparison Price: 12,20 €/kg
Product: Hau-Hau Champion Kanatikku 12 g, Unit Price: 0,45 €, Comparison Price: 37,50 €/kg
Product: Rainbow 260g herkkuluu 30kpl, Unit Price: 1,59 €, Comparison Price: 6,12 €/kg
Product: Hau-Hau Champion Lammaspala 100 g, Unit Price: 2,90 €, Comparison Price: 29,00 €/kg
Product: Pedigree DentaStix Medium Monipakkaus 4x180g, Unit Price: 10,09 €, Comparison Price: 14,01 €/kg
Product: Pedigree Dentastix Small Monipakkaus 4x110g, Unit Price: 9,89 €, Comparison Price: 22,48 €/kg
Product: Hau-Hau Champion Kana-riisipala 100 g, Unit Price: 2,69 €, Comparison Price: 26,90 €/kg
Product: Hau-Hau Champion Kevytrulla 13 cm, 3 kpl, 105 g, Unit Price: 2,29 €, Comparison Price: 21,81 €/kg
Product: Rainbow 100g kanafilee, makupala koiralle, Unit Price: 1,49 €, Comparison Price: 14,90 €/kg
Product: Hau-Hau Champion Täytetty purutikku 18 cm, 3 kpl, 189 g, Unit Price: 4,50 €, Comparison Price: 23,81 €/kg
Product: Best Friend Naturals kanafilee 225 g, Unit Price: 2,44 €, Comparison Price: 10,84 €/kg
Product: Rainbow 100g kierretikku koiralle, sisältää kanaa ja turskaa, Unit Price: 1,99 €, Comparison Price: 18,95 €/kg
Product: Hau-Hau Champion Viljaton Makupala lohi-nokkonen 200 g, Unit Price: 2,69 €, Comparison Price: 13,45 €/kg
Product: Kotimaista n. 100 g korvapuusti, Unit Price: 0,68 €, Comparison Price: 5,91 €/kg
Product: Pågen Gifflar Kanel pienet kanelipullat 300g, Unit Price: 2,29 €, Comparison Price: 7,63 €/kg
Product: Rainbow Donitsi 200g, Unit Price: 1,59 €, Comparison Price: 7,95 €/kg
Product: Xtra Cookies suklaahippukeksi  150 g, Unit Price: 0,49 €, Comparison Price: 3,27 €/kg
Product: Fazer Leipurit Berliininmunkki 2 kpl, Unit Price: 3,90 €, Comparison Price: 16,96 €/kg
Product: Coop valkosuklaa-karpalocookie 150 g, Unit Price: 1,15 €, Comparison Price: 7,67 €/kg
Product: Fazer Domino Original keksi 350g, Unit Price: 3,99 €, Comparison Price: 11,40 €/kg
Product: Rainbow 125g Evelina maitosuklaakeksi, Unit Price: 0,75 €, Comparison Price: 6,00 €/kg
Product: Fazer Jaffa Appelsiini leivoskeksi 300g, Unit Price: 3,35 €, Comparison Price: 11,17 €/kg
Product: Oululainen Pullava Viipaloitu pitko 450g, Unit Price: 3,69 €, Comparison Price: 8,20 €/kg
Product: Pågen Gifflar Vanilj pienet vaniljapullat 280g, Unit Price: 2,35 €, Comparison Price: 8,39 €/kg
Product: Coop kahden suklaan cookie 150 g, Unit Price: 0,99 €, Comparison Price: 6,60 €/kg
Product: Coop valkosuklaa-sitruunacookie 150 g, Unit Price: 1,25 €, Comparison Price: 8,33 €/kg
Product: Oululainen Pullava Pitkojen Pitko 300g, vehnäpitko, Unit Price: 2,85 €, Comparison Price: 9,50 €/kg
Product: Fazer Kanelipuustit 240g, pulla, Unit Price: 2,09 €, Comparison Price: 8,71 €/kg
Product: Filipinos 128g Valkosuklaakeksi, Unit Price: 1,85 €, Comparison Price: 14,45 €/kg
Product: Vanajan Kaurakeksi 350g, Unit Price: 2,39 €, Comparison Price: 6,83 €/kg
Product: Kantolan Kaurakeksi 300g, Unit Price: 2,29 €, Comparison Price: 7,63 €/kg
Product: Vanajan Suklaasade suklaahippukeksi 350g, Unit Price: 2,19 €, Comparison Price: 6,26 €/kg
Product: LU Bastogne keksi 200g, Unit Price: 2,35 €, Comparison Price: 11,75 €/kg
Product: Kantolan Ballerina vadelma täytekeksi 190g, Unit Price: 1,59 €, Comparison Price: 8,37 €/kg
Product: Vaasan Kotiuunin Vadelmasydän 8x45g pakaste vadelma-omenatäytteinen munkki, Unit Price: 3,89 €, Comparison Price: 10,81 €/kg
Product: Fazer Doris Tryffeli täytekeksi 250g, Unit Price: 3,45 €, Comparison Price: 13,80 €/kg
Product: Coop kolmen suklaan cookie 180 g, Unit Price: 1,55 €, Comparison Price: 8,61 €/kg
Product: Myllyn Paras Korppujauho 300 g, Unit Price: 1,25 €, Comparison Price: 4,17 €/kg
Product: Kotimaista Korppujauho 400g, Unit Price: 1,19 €, Comparison Price: 2,97 €/kg
Product: Xtra korppujauho 500 g, Unit Price: 0,85 €, Comparison Price: 1,70 €/kg
Product: Moilas Gluteeniton Korppujauho 350g, Unit Price: 3,39 €, Comparison Price: 9,69 €/kg
Product: Myllyn Paras Maustekorppujauho 300 g, Unit Price: 1,49 €, Comparison Price: 4,97 €/kg
Product: Myllyn Paras Ruiskorppujauho 300 g, Unit Price: 1,25 €, Comparison Price: 4,17 €/kg
Product: Mummon 210g Muru gluteeniton, Unit Price: 2,69 €, Comparison Price: 12,81 €/kg
Product: Brazil Appelsiinitäysmehu 100% 1 L, Unit Price: 2,75 €, Comparison Price: 2,75 €/l
Product: God Morgon Selected Citrus Sweet appelsiinitäysmehu 1L, Unit Price: 3,65 €, Comparison Price: 3,65 €/l
Product: Valio Hedelmätarha® luomuappelsiinitäysmehu 1 l, Unit Price: 3,59 €, Comparison Price: 3,59 €/l
Product: Valio appelsiinitäysmehu 1 l perinteinen, Unit Price: 2,90 €, Comparison Price: 2,90 €/l
Product: Mehustamo appelsiinimehupullo 0,95L, Unit Price: 5,19 €, Comparison Price: 5,25 €/l
Product: Rainbow Appelsiinitäysmehu 1l, Unit Price: 1,85 €, Comparison Price: 1,85 €/l
Product: Coop appelsiinitäysmehu 900 ml, Unit Price: 2,80 €, Comparison Price: 2,89 €/l
Product: Aito 1l appelsiinimehu tuorepuristettu, Unit Price: 3,49 €, Comparison Price: 3,49 €/l
Product: Tropic Appelsiinitäysmehu 1 L, Unit Price: 2,85 €, Comparison Price: 2,85 €/l
Product: Mehustamo appelsiinimehupullo 0,5L, Unit Price: 2,79 €, Comparison Price: 5,18 €/l
Product: Valio appelsiinitäysmehu 1,5 l perinteinen, Unit Price: 4,27 €, Comparison Price: 2,85 €/l
Product: Tropicana pressed orange juice with pulp appelsiinitäysmehu hedelmälihalla 0,9l, Unit Price: 4,19 €, Comparison Price: 4,43 €/l
Product: God Morgon Organic Luomu Appelsiinimehu 850 ml, Unit Price: 3,95 €, Comparison Price: 4,41 €/l
Product: Valio Hedelmätarha® appelsiinitäysmehu 1 l hedelmälihaa, Unit Price: 3,59 €, Comparison Price: 3,59 €/l
Product: God Morgon Selected Citrus Veriappelsiinitäysmehu 1 L, Unit Price: 3,60 €, Comparison Price: 3,60 €/l
Product: Xtra appelsiinimehu 1l, Unit Price: 1,09 €, Comparison Price: 1,09 €/l
Product: Refresco Appelsiinimehu 1l, Unit Price: 0,99 €, Comparison Price: 0,99 €/l
Product: Brazil Appelsiini mehu 1 L, Unit Price: 2,10 €, Comparison Price: 2,10 €/l
Product: God Morgon Appelsiininektari 1 L, Unit Price: 2,69 €, Comparison Price: 2,69 €/l
Product: Innocent 900 ml Innocent 900 ml Orange juice with bits, Unit Price: 3,99 €, Comparison Price: 4,21 €/l
Product: Innocent 900 ml Orange juice without bits, Unit Price: 3,99 €, Comparison Price: 4,21 €/l
Product: Don Simon 100% tuorepuristettu appelsiinimehu 1L, Unit Price: 4,19 €, Comparison Price: 3,79 €/l
Product: Don Simon 100% tuorepuristettu appelsiinimehu hedelmälihalla 1L, Unit Price: 4,19 €, Comparison Price: 3,79 €/l
Product: Xtra appelsiini-mandariinimehu 1 l, Unit Price: 1,19 €, Comparison Price: 1,19 €/l
Product: Karl Fazer Tyrkisk Peber Hot&Sour suklaalevy 180g, Unit Price: 3,45 €, Comparison Price: 19,17 €/kpl
Product: HARIBO Tropifrutti 275 g karkkipussi, Unit Price: 2,55 €, Comparison Price: 9,27 €/kg
Product: Fazer Dumle summer mix pussi 180g, Unit Price: 3,45 €, Comparison Price: 19,17 €/kpl
Product: Estrella Sriracha Mayo sipsi 275g, Unit Price: 2,99 €, Comparison Price: 10,87 €/kg
Product: Taffel Salt & Vinegar maustettu sipsi 145g, Unit Price: 1,89 €, Comparison Price: 13,03 €/kg
Product: Skittles Crazy Sours 152g, Unit Price: 1,59 €, Comparison Price: 10,46 €/kg
Product: Coop maalaisperunalastut jalapeno 175 g, Unit Price: 1,85 €, Comparison Price: 
Product: 6 x Hartwall Original Long Drink Lemonade 5,5% 0,33 l, Unit Price: 17,40 €, Comparison Price: 8,33 €/l
Product: Fanta Mango Zero virvoitusjuoma muovipullo 1,5 L, Unit Price: 2,69 €, Comparison Price: 1,53 €/l
Product: Daim Jäätelö 825ml/431g, Unit Price: 4,99 €, Comparison Price: 6,05 €/l
Product: Van slooten safari fnimals, Unit Price: 2,95 €, Comparison Price: 14,05 €/kg
Product: 6 x Laitilan Panama Gin 5,0% 0,33L ginipohjainen greipinmakuinen long drink, Unit Price: 16,74 €, Comparison Price: 8,00 €/l
Product: Jymy Banaani-Suklaa Kermajäätelö 900ml, Unit Price: 4,49 €, Comparison Price: 4,99 €/l
Product: Xtra pähkinä- ja hedelmäsekoitus 600 g, Unit Price: 5,49 €, Comparison Price: 9,15 €/kg
Product: Huhtamaki lautasliina 20x33*33cm Summer 2024 Swan, Unit Price: 2,65 €, Comparison Price: 0,13 €/kpl
Product: Duni 20kpl 6cl Bio vihreä kartonkimuki x 12, Unit Price: 1,59 €, Comparison Price: 0,08 €/kpl
Product: Havi-Nuppu airlaid pöytäliina Unikkoaika 120x220cm 1kpl, Unit Price: 6,25 €, Comparison Price: 
Product: DUNI Dunicel® 138 x 220cm Breezy Butterflies pöytäliina, Unit Price: 9,45 €, Comparison Price: 
Product: Dr. Oetker Pastel Flirt -koristerakeet 50g, Unit Price: 1,79 €, Comparison Price: 35,80 €/kg
Product: L'Oréal Paris Infaillible 3-Second Setting Mist meikinkiinnityssuihke 75ml, Unit Price: 14,95 €, Comparison Price: 199,33 €/l
Product: Wild&Mild Gel Effect nail polish GE86 Silky Milky 12 ml, Unit Price: 3,90 €, Comparison Price: 3900,00 €/l
Product: Pöytäkynttilä huurre 7x10 cm roosa, paloaika n. 40 tuntia, Unit Price: 3,85 €, Comparison Price: 
Product: Makeup Revolution Mood Switch Multi Palette Hyper Real monikäyttöpaletti 8 sävyä 14,4g, Unit Price: 12,95 €, Comparison Price: 129,50 €/kg
Product: Huonetuoksu Love 100 ml.  Tuoksuna Waterlily & Rose. Huonetuoksussa käytetty luonnollisia eteerisiä öljyjä., Unit Price: 11,50 €, Comparison Price: 115,00 €/l
Product: Kivikylän Palvarin Lihapyörykkä 350g, Unit Price: 3,09 €, Comparison Price: 8,83 €/kg
Product: HK Lihapyörykät 360 g, Unit Price: 0,95 €, Comparison Price: 2,64 €/kg
Product: Snellman Kunnon lihapullat 300g, Unit Price: 2,49 €, Comparison Price: 8,30 €/kg
Product: Boltsi Original kaura-siemenpyörykkä 230 g, Unit Price: 2,09 €, Comparison Price: 9,09 €/kg
Product: Saarioinen Kasvispyörykät 230g, Unit Price: 2,75 €, Comparison Price: 11,96 €/kg
Product: Saarioinen Broilerpyörykät 400g, Unit Price: 2,99 €, Comparison Price: 7,48 €/kg
Product: Kivikylän Kot&Go Kanafileepyörykät 300g, Unit Price: 3,09 €, Comparison Price: 10,30 €/kg
Product: MUU Pyörykkä 210 g, Unit Price: 2,95 €, Comparison Price: 14,05 €/kg
Product: Fallero Paahdettu Punajuuri Härkäpapufalafel 210 g, Unit Price: 3,29 €, Comparison Price: 15,67 €/kg
Product: Kivikylän Palvarin Gluteeniton Lihapulla 300 g, Unit Price: 3,09 €, Comparison Price: 10,30 €/kg
Product: Kokkikartano Lihapullat 300g, Unit Price: 3,99 €, Comparison Price: 13,30 €/kg
Product: Boltsi Chili-tomaatti kaura-siemenpyörykkä 230 g, Unit Price: 2,09 €, Comparison Price: 9,09 €/kg
Product: Baba Falafel Original 230g, Unit Price: 3,29 €, Comparison Price: 14,95 €/kg
Product: Kotimaista broileripyörykät 350 g, Unit Price: 2,15 €, Comparison Price: 6,14 €/kg
Product: MUU Arkipyörykkä 210 g, Unit Price: 1,99 €, Comparison Price: 9,48 €/kg
Product: HK Mummon lihapullat 300 g, Unit Price: 2,69 €, Comparison Price: 8,97 €/kg
Product: Kivikylän Palvarin Täytetty Lihapyörykkä sinihomejuusto 300g, Unit Price: 3,09 €, Comparison Price: 10,30 €/kg
Product: Saarioinen Broilerpyörykät 900g, Unit Price: 5,99 €, Comparison Price: 6,66 €/kg
Product: Baba Pyörykkä peruna-kikherne 200g, Unit Price: 2,79 €, Comparison Price: 13,95 €/kg
Product: Kivikylän Palvarin Täytetty Lihapyörykkä Chili 300g, Unit Price: 3,09 €, Comparison Price: 10,30 €/kg
Product: Kivikylän Täytetyt Savujuusto lihapullat 300g, Unit Price: 3,09 €, Comparison Price: 10,30 €/kg
Product: Boltsi Texmex kaura-siemenpyörykkä 230 g, Unit Price: 2,49 €, Comparison Price: 10,83 €/kg
Product: Atria Artesaani Rustiikkinen Lihapulla 250g, Unit Price: 2,69 €, Comparison Price: 10,76 €/kg
Product: MUU Pyörykkä Chili-Vuusto 210 g, Unit Price: 2,95 €, Comparison Price: 14,05 €/kg
Product: Pågen Gifflar Kanel pienet kanelipullat 300g, Unit Price: 2,29 €, Comparison Price: 7,63 €/kg
Product: DUO+ Sika-kana Täysrehu kissoille 500g, Unit Price: 3,59 €, Comparison Price: 7,18 €/kg
Product: MUSH DUO+ KANA-NAUTA KISSOILLE, Unit Price: 3,59 €, Comparison Price: 7,18 €/kg
Product: Kennelpakaste Jauhettu lohi 500 g, Unit Price: 2,45 €, Comparison Price: 4,90 €/kg
Product: Kennelpakaste Palaliha 1000 g, Unit Price: 4,39 €, Comparison Price: 4,39 €/kg
Product: Kennelpakaste Naudanmaha 800 g, Unit Price: 3,09 €, Comparison Price: 3,86 €/kg
Product: Kennelpakaste Jauhettu broilerinliha 800 g, Unit Price: 3,39 €, Comparison Price: 4,24 €/kg
Product: Kennelpakaste Jauheliha sika-nauta 800 g, Unit Price: 3,39 €, Comparison Price: 4,24 €/kg
Product: Kennelpakaste Jauhettu sianliha 500 g, Unit Price: 2,45 €, Comparison Price: 4,90 €/kg
Product: Kotimaista gluteeniton kaurajauho 500 g, Unit Price: 2,39 €, Comparison Price: 4,78 €/kg
Product: Myllyn Paras Ohrajauho 1 kg, Unit Price: 1,75 €, Comparison Price: 1,75 €/kg
Product: Myllyn Paras Emännän Täysjyväkaurajauho 1 kg, Unit Price: 1,89 €, Comparison Price: 1,89 €/kg
Product: Myllärin Gluteeniton Kaurajauho 950 g, Unit Price: 4,15 €, Comparison Price: 4,37 €/kg
Product: Herkkutalkkunajauho 500g, Taivalkosken Mylly, Unit Price: 2,45 €, Comparison Price: 4,90 €/kg
Product: Virtasalmen Viljatuote Gluteeniton Hieno riisijauho 500g, Unit Price: 2,25 €, Comparison Price: 4,50 €/kg
Product: Virtasalmen Viljatuote Gluteeniton Maissijauho 400g, Unit Price: 1,95 €, Comparison Price: 4,88 €/kg
Product: Rantanen Talkkunajauho 1 kg, Unit Price: 4,59 €, Comparison Price: 4,59 €/kg
Product: Virtasalmen Viljatuote Gluteeniton Suomalainen Tattarijauho 500g, Unit Price: 3,29 €, Comparison Price: 6,58 €/kg
Product: Virtasalmen Viljatuote Gluteeniton Tumma täysjyväriisijauho 500g, Unit Price: 3,05 €, Comparison Price: 6,10 €/kg
Product: Virtasalmen Viljatuote Gluteeniton Karkea Riisijauho 500g, Unit Price: 2,59 €, Comparison Price: 5,18 €/kg
Product: Laihian Makukaura paahdettu viljavalmiste mustikka runsaskuituinen 250 g, Unit Price: 3,69 €, Comparison Price: 14,76 €/kg
Product: Myllyn Paras Tattarijauho 1kg, Unit Price: 4,95 €, Comparison Price: 4,95 €/kg
Product: Hirvelän Uunitalkkuna 750g, Unit Price: 3,59 €, Comparison Price: 4,79 €/kg
Product: Virtasalmen Viljatuote Gluteeniton Hieno Tattarijauho 500g, Unit Price: 3,15 €, Comparison Price: 6,30 €/kg
Product: URTEKRAM  luomu Täysjyvämaissijauho 500g, Unit Price: 3,49 €, Comparison Price: 6,98 €/kg
Product: Soyappétit 300g Soijajauho, Unit Price: 2,99 €, Comparison Price: 9,97 €/kg
Product: Keskisen Myllyn Kotimainen täysjyvä tattarijauho 1kg, Unit Price: 6,49 €, Comparison Price: 6,49 €/kg
Product: Voima-Papu härkäpapujauho, Unit Price: 4,95 €, Comparison Price: 9,90 €/kg
Product: Myllyn Paras Maustekorppujauho 300 g, Unit Price: 1,49 €, Comparison Price: 4,97 €/kg
Product: Atria Parempi Nauta Jauheliha 10% 400g, Unit Price: 3,99 €, Comparison Price: 9,98 €/kg
Product: Kotimaista naudan jauheliha 17 % 400 g, Unit Price: 3,89 €, Comparison Price: 9,73 €/kg
Product: Kotimaista naudan jauheliha 17 % 700 g, Unit Price: 6,75 €, Comparison Price: 9,64 €/kg
Product: Snellman Kunnon naudan jauheliha 10% 700g, Unit Price: 7,89 €, Comparison Price: 11,27 €/kg
Product: Snellman Kunnon naudan jauheliha 10% 400g, Unit Price: 4,59 €, Comparison Price: 11,48 €/kg
Product: Xtra naudan jauheliha 10% 400 g, Unit Price: 2,99 €, Comparison Price: 7,48 €/kg
Product: Atria Luomu Nauta Jauheliha 12% 400g, Unit Price: 6,45 €, Comparison Price: 16,13 €/kg
Product: Atria Nauta Jauheliha 15% 400g, Unit Price: 5,25 €, Comparison Price: 13,13 €/kg
Product: Kotimaista naudan jauheliha luomu 17 % 400 g, Unit Price: 5,40 €, Comparison Price: 13,50 €/kg
Product: Atria Burger Naudanliha 480g, Unit Price: 5,15 €, Comparison Price: 10,73 €/kg
Product: Snellman Burgerjauheliha 20% 650g, Unit Price: 7,25 €, Comparison Price: 11,15 €/kg
Product: Atria Rotukarjan Naudan jauheliha 12% 300g, Unit Price: 4,95 €, Comparison Price: 16,50 €/kg
Product: Snellman Kunnon naudan paistijauheliha 7% 400g, Unit Price: 4,95 €, Comparison Price: 12,38 €/kg
Product: Tamminen rotukarja naudan paistijauheliha 8% 250g, Unit Price: 6,15 €, Comparison Price: 24,60 €/kg
Product: Coop smoothie hedelmäsekoitus 600 g pakaste, Unit Price: 2,25 €, Comparison Price: 3,75 €/kg
Product: Coop smoothie mansikka-banaani-mustikkasekoitus 600 g pakaste, Unit Price: 2,25 €, Comparison Price: 3,75 €/kg
Product: Jungle Juice Bar Smooth Mamba smoothie mix 250 g, Unit Price: 2,99 €, Comparison Price: 11,96 €/kg
Product: Jungle Juice Bar Mighty Tucan smoothie mix 250 g, Unit Price: 2,99 €, Comparison Price: 11,96 €/kg
Product: Jungle Juice Bar Bold Baboon smoothie mix 250 g, Unit Price: 2,99 €, Comparison Price: 11,96 €/kg
Product: Xtra mango kuutioina 500 g pakaste, Unit Price: 2,25 €, Comparison Price: 4,50 €/kg
Product: Coop mangokuutiot 250 g pakaste, Unit Price: 2,09 €, Comparison Price: 8,36 €/kg
Product: Coop granaattiomenan siemenet 250 g pakaste, Unit Price: 2,25 €, Comparison Price: 9,00 €/kg
Product: Rainbow 250g ananaspala pakaste, Unit Price: 2,19 €, Comparison Price: 8,76 €/kg
Product: Coop ananaspalat 250 g pakaste, Unit Price: 2,25 €, Comparison Price: 9,00 €/kg
Product: Pågen Gifflar Kanel pienet kanelipullat 300g, Unit Price: 2,29 €, Comparison Price: 7,63 €/kg
Product: Pågen Gifflar Vanilj pienet vaniljapullat 280g, Unit Price: 2,35 €, Comparison Price: 8,39 €/kg
Product: Pågen Gifflar Raspberry & Vanilla pienet vehnäpullat vadelma-vaniljatäytteellä 260g, Unit Price: 2,35 €, Comparison Price: 9,04 €/kg
Product: Oululainen Pullava Voisilmäpulla 5kpl 270g, Unit Price: 2,95 €, Comparison Price: 10,93 €/kg
Product: Fazer Kanelipuustit 240g, pulla, Unit Price: 2,09 €, Comparison Price: 8,71 €/kg
Product: Leivon Leipomo Kardemummapulla 250g 5 kpl, Unit Price: 1,60 €, Comparison Price: 6,40 €/kg
Product: Oululainen Pullava Kanelipulla 5kpl 275g, Unit Price: 2,95 €, Comparison Price: 10,73 €/kg
Product: Kartanon Leipä Voipulla 2 x 70g, Unit Price: 4,50 €, Comparison Price: 32,14 €/kg
Product: Pågen Vanillas vehnäpullat vaniljakreemillä 220g, Unit Price: 2,25 €, Comparison Price: 10,23 €/kg
Product: Elonen Superkorvapuusti 2kpl 240g, Unit Price: 2,15 €, Comparison Price: 8,96 €/kg
Product: Kanniston Leipomon Korvapuusti pakattu 2 kpl, Unit Price: 4,50 €, Comparison Price: 14,06 €/kg
Product: Kartanon leipä Wienerleipä 2 x 75g, Unit Price: 4,40 €, Comparison Price: 29,33 €/kg
Product: Fazer Omar -puustit 220g, pulla, Unit Price: 2,49 €, Comparison Price: 11,32 €/kg
Product: Fazer Sokerileipurin Pulla 6kpl 240g, Unit Price: 3,09 €, Comparison Price: 12,88 €/kg
Product: Perheleipuri Salonen Omenapulla 5/400 g omenapalatäytteinen pulla, Unit Price: 5,70 €, Comparison Price: 14,25 €/kg
Product: Rosten Kierrepulla täytepulla 6x45g, Unit Price: 2,99 €, Comparison Price: 11,07 €/kg
Product: Elonen Supervaniljapuusti 2kpl 240g, Unit Price: 2,25 €, Comparison Price: 9,38 €/kg
Product: Trube Salted Caramel -puusti 2 kpl/180 g suolakaramellitäytteinen pulla, Unit Price: 2,15 €, Comparison Price: 11,94 €/kg
Product: Kanniston Leipomon Cookiepuusti pakattu 2 kpl, Unit Price: 4,50 €, Comparison Price: 25,00 €/kg
Product: Perheleipuri Salonen Kuningatarnyytti 5/400 g vadelma-mustikkatäytteinen pulla, Unit Price: 5,70 €, Comparison Price: 14,25 €/kg
Product: Elonen Raparperi-vanilja Herkku 2kpl 240g, Unit Price: 2,69 €, Comparison Price: 11,21 €/kg
Product: Kartanon leipä mustikka pulla 2 x 80g, Unit Price: 4,35 €, Comparison Price: 27,19 €/kg
Product: Paulig Juhla Mokka kahvi suodatinjauhatus 500g, Unit Price: 6,05 €, Comparison Price: 12,10 €/kg
Product: Oatly iKaffe kaurajuoma 1L, Unit Price: 1,99 €, Comparison Price: 1,99 €/l
Product: Kulta Katriina Tumma paahto suodatinkahvi RAC 500g, Unit Price: 5,85 €, Comparison Price: 11,70 €/kg
Product: Arla Cafè maito 1 L UHT laktoositon, Unit Price: 2,09 €, Comparison Price: 2,09 €/l
Product: Löfbergs Kharisma Suodatinkahvi 500g Rainforest alliance, Unit Price: 5,99 €, Comparison Price: 11,98 €/kg
Product: Valio kahvikerma 10 % 3,3 dl laktoositon, Unit Price: 2,29 €, Comparison Price: 6,94 €/l
Product: Fazer Aito Kaurajuoma Barista 1L UHT, Unit Price: 1,99 €, Comparison Price: 1,99 €/l
Product: Valio kahvimaito 1 l laktoositon UHT, Unit Price: 2,75 €, Comparison Price: 2,75 €/l
Product: Melitta 1x4/80 ruskea suodatinpaperi, Unit Price: 2,69 €, Comparison Price: 0,03 €/kpl
Product: Rainbow hunaja 500 g, Unit Price: 4,69 €, Comparison Price: 9,38 €/kg
Product: Segafredo Pausa suodatinkahvi RAC 450g, Unit Price: 6,85 €, Comparison Price: 15,22 €/kg
Product: Hunajainen SAM Kesäkukka Hunaja 250g, Unit Price: 3,89 €, Comparison Price: 15,56 €/kg
Product: Lipton  Musta tee  Yellow Label  100g 50p, Unit Price: 3,09 €, Comparison Price: 30,90 €/kg
Product: Paulig Juhla Mokka Ilta kofeiiniton kahvi suodatinjauhatus 270g, Unit Price: 4,55 €, Comparison Price: 16,85 €/kg
Product: Xtra suodatinpussi 102 valkaisematon 200 kpl, Unit Price: 1,59 €, Comparison Price: 0,01 €/kpl
Product: Clipper Luomu Vihreä tee 40g / 20 pussia, Unit Price: 2,89 €, Comparison Price: 72,25 €/kg
Product: Clipper Luomu kamomilla yrttihauduke 30g / 20 pussia, Unit Price: 2,89 €, Comparison Price: 96,33 €/kg
Product: Kotimaista hunaja 450g, Unit Price: 5,25 €, Comparison Price: 11,67 €/kg
Product: Lipton 20ps Forest Fruit pyramidi musta tee, Unit Price: 2,95 €, Comparison Price: 86,76 €/kg
Product: Rainbow 500g kahvi pannujauhatus, Unit Price: 4,89 €, Comparison Price: 9,78 €/kg
Product: Nescafé 8kpl/148g Vanilla Latte erikoispikakahvi annospussi, Unit Price: 3,50 €, Comparison Price: 23,65 €/kg
Product: Espresso House Decaf Brew kofeiiniton suodatinkahvi jauhettu 225g, Unit Price: 8,40 €, Comparison Price: 37,33 €/kg
Product: Clipper Vadelman makuinen luomu valkoinen tee 34g / 20 pussia, Unit Price: 3,59 €, Comparison Price: 105,59 €/kg
Product: Nordqvist Hertta yrttitee 20 x 1,2g, Unit Price: 4,95 €, Comparison Price: 206,25 €/kg
Product: Nature Line puukuituruokalusikka Premium 12 kpl, Unit Price: 1,75 €, Comparison Price: 0,15 €/kpl
Product: Biopak 10x18kpl 165mm haarukka, veitsi & lusikka vahattu puuaterinsetti x 144, Unit Price: 2,15 €, Comparison Price: 0,12 €/kpl
Product: Spen cocktailtikku 1000kpl 1572, Unit Price: 2,49 €, Comparison Price: 0,01 €/kpl
Product: Mini-Maid Kartonkilautanen ruskea 18x18cm valkaisematon kartonki FSC, Unit Price: 1,99 €, Comparison Price: 0,10 €/kpl
Product: Huhtamaki kartonkinen kuumakuppi korvalla 20x175ml Kesä 2024, Unit Price: 2,55 €, Comparison Price: 0,13 €/kpl
Product: Papstar Pure lautanen palmunlehti 23x2,5cm 6kpl, Unit Price: 4,49 €, Comparison Price: 0,75 €/kpl
Product: Duni Bio 27cl Sweet bagassikulho 10kpl x 8, Unit Price: 2,45 €, Comparison Price: 0,25 €/kpl
Product: Huhtamaki lautasliina 20x33*33cm Summer 2024 Swan, Unit Price: 2,65 €, Comparison Price: 0,13 €/kpl
Product: NG FSC Plate 23cm Elegant Party, Unit Price: 2,59 €, Comparison Price: 0,32 €/kpl
Product: Spen paperi pilli 25 kpl 6x200 mm, Unit Price: 0,85 €, Comparison Price: 0,03 €/kpl
Product: Decorata party serpentiini 89183 1 rll, Unit Price: 1,95 €, Comparison Price: 
Product: FSC Paper Cup 200ml Elegant Party 8 kpl, Unit Price: 1,69 €, Comparison Price: 0,21 €/kpl
Product: Havi matala kartonkilautanen Viktoria 18cm 12kpl, Unit Price: 2,25 €, Comparison Price: 0,19 €/kpl
Product: Toothpicks fruits, Unit Price: 2,35 €, Comparison Price: 0,10 €/kpl
Product: Spen Kakkupaperi 3 laj. 22/26/30cm valkoinen12kpl, Unit Price: 1,19 €, Comparison Price: 0,10 €/kpl
Product: Duni 20kpl 6cl Bio vihreä kartonkimuki x 12, Unit Price: 1,59 €, Comparison Price: 0,08 €/kpl
Product: Spen annoskoriste kukka 10 kpl, Unit Price: 0,85 €, Comparison Price: 0,09 €/kpl
Product: Bolsius True Scents – huonetuoksu – Vanilla – 60 ml, Unit Price: 3,95 €, Comparison Price: 65,83 €/l
Product: Duni Paper+ Design 10kpl 22cm Splash Balloon kartonkilautanen, Unit Price: 2,65 €, Comparison Price: 0,27 €/kpl
Product: Havi lautasliina tissue fuksia 24cm 20kpl, Unit Price: 0,89 €, Comparison Price: 0,04 €/kpl
Product: Havi-Nuppu airlaid pöytäliina Unikkoaika 120x220cm 1kpl, Unit Price: 6,25 €, Comparison Price: 
Product: Havi airlaid pöytäliina Linnea punainen 120x220cm 1kpl, Unit Price: 6,10 €, Comparison Price: 
Product: DUNI Dunicel® 138 x 220cm Breezy Butterflies pöytäliina, Unit Price: 9,45 €, Comparison Price: 
Product: Bolsius True Scents – huonetuoksu – Fresh Cotton – 60 ml, Unit Price: 3,95 €, Comparison Price: 65,83 €/l
Product: Oululainen Pullava Voisilmäpulla 5kpl 270g, Unit Price: 2,95 €, Comparison Price: 10,93 €/kg
Product: Rasilaisen Valkosipulihapankaali 400g, Unit Price: 2,39 €, Comparison Price: 5,98 €/kg
Product: Aino Vadelmasuklaa kermajäätelö kotipakkaus 509g/900ml, Unit Price: 5,49 €, Comparison Price: 6,10 €/l
Product: Baba Green Hummus kikhernelevite - dippi 225g, Unit Price: 3,45 €, Comparison Price: 15,33 €/kg
Product: Atria Italiansalaatti 400g, Unit Price: 2,19 €, Comparison Price: 5,48 €/kg
Product: Kotimaista laktoositon kermajäätelö kotipakkaus vanilja 1L/495g, Unit Price: 2,29 €, Comparison Price: 2,29 €/l
Product: Pingviini Vanilja & Suklaahippu Laktoositon kermajäätelö kotipakkaus  500g/1L, Unit Price: 2,95 €, Comparison Price: 2,95 €/l
Product: Aurinkovoide Beauty of Joseon Relief Sun : Rice +Probiotics 50ml, Unit Price: 19,95 €, Comparison Price: 399,00 €/l
Product: Beauty of Joseon Ginseng Moist Sun Serum, Unit Price: 21,95 €, Comparison Price: 439,00 €/l
Product: Mossa Vitamin Cocktail kasvoöljy, 30ml, Unit Price: 13,35 €, Comparison Price: 445,00 €/l
Product: Shave Club Finland partaöljy metsuri 30ml, Unit Price: 11,15 €, Comparison Price: 371,67 €/l
Product: Beauty of Joseon Glow Serum: Propolis+Niacinamide, Unit Price: 19,95 €, Comparison Price: 665,00 €/l
Product: Beauty of Joseon Matte Sun Stick : Mugwort + Camellia Aurinkopuikko, Unit Price: 19,95 €, Comparison Price: 1108,33 €/kg
Product: L'Oréal Paris Men Expert Barber Club Beard & Hair Styling Cream parran ja hiustenmuotoiluvoide 75ml, Unit Price: 9,55 €, Comparison Price: 127,33 €/l
Product: Atria Valkosipuli Grillisalaatti 350g, Unit Price: 2,35 €, Comparison Price: 6,71 €/kg
Product: Lumene VALO Ravitseva vitamiini-tehohoito 30ml, Unit Price: 27,95 €, Comparison Price: 931,67 €/l
Product: Shave Club Finland partavaha metsuri 60ml, Unit Price: 16,95 €, Comparison Price: 282,50 €/l
Product: Scandy Dew Me a Favor Prep & Refresh Face Mist kasvosuihke 100 ml, Unit Price: 9,95 €, Comparison Price: 99,50 €/l
Product: Scandy Spot the F Off Invisible Blemish Patches täsmähoitotuote näppylöille 24 kpl, Unit Price: 9,95 €, Comparison Price: 0,41 €/kpl
Product: Lumene LUMO Silottava & kiinteyttävä pikakaunistaja 30 ml, Unit Price: 28,50 €, Comparison Price: 950,00 €/l
Product: Neutrogena Clear & Defend Rapid Gel täsmähoitogeeli 15 ml, Unit Price: 6,85 €, Comparison Price: 456,67 €/l
Product: MOSSA Acne Act Täsmätipat finneihin ja epäpuhtauksiin 15ml, Unit Price: 10,95 €, Comparison Price: 730,00 €/l
Product: Natuk Hydra Boost 30ml GLA-kasvoöljy, Unit Price: 19,25 €, Comparison Price: 641,67 €/l
Product: Shave Club Finland partashampoo metsuri 200ml, Unit Price: 16,95 €, Comparison Price: 84,75 €/l
Product: Taika Vahvistava kasvoöljy COSMOS 30ml, Unit Price: 19,85 €, Comparison Price: 661,67 €/l
Product: Shave Club Finland parranhoitoaine metsuri 200ml x 6 x 240, Unit Price: 16,95 €, Comparison Price: 84,75 €/l
Product: Lumene LUMO Pre-retinoli kasvoöljy 30 ml, Unit Price: 29,95 €, Comparison Price: 998,33 €/l
Product: Taffel Salt & Vinegar maustettu sipsi 145g, Unit Price: 1,89 €, Comparison Price: 13,03 €/kg
Product: Valio raejuusto 200 g rasvaton laktoositon, Unit Price: 2,29 €, Comparison Price: 11,45 €/kg
Product: Rainbow 40kpl Hand & Face kosteuspyyhe, Unit Price: 1,09 €, Comparison Price: 0,03 €/kpl
Product: Savett Superclean kosteuspyyhe 10kpl, Unit Price: 2,15 €, Comparison Price: 0,22 €/kpl
Product: Rainbow 15kpl sensitive kosteuspyyhe, Unit Price: 1,79 €, Comparison Price: 0,12 €/kpl
Product: Savett Disinfecting Wipe kosteuspyyhe ihon desinfiointiin 10kpl, Unit Price: 2,15 €, Comparison Price: 0,22 €/kpl
Product: Rainbow 15kpl kosteuspyyhe, Unit Price: 0,89 €, Comparison Price: 0,06 €/kpl
Product: Garnier Skin Active 2in1 silmämeikinpoistoaine 125ml, Unit Price: 3,85 €, Comparison Price: 30,80 €/l
Product: Savett Toilet uudelleensuljettava kosteuspyyhe 50kpl, Unit Price: 4,30 €, Comparison Price: 0,09 €/kpl
Product: Rainbow Toilet kosteuspyyhe 40 kpl, Unit Price: 2,29 €, Comparison Price: 0,06 €/kpl
Product: Medisoft 10kpl Desinfioiva käsipyyhe, Unit Price: 2,75 €, Comparison Price: 0,28 €/kpl
Product: Savett Intim kosteuspyyhe 10kpl, Unit Price: 2,15 €, Comparison Price: 0,22 €/kpl
Product: Savett Sensitive & Clean uudelleensuljettava kosteuspyyhe 30kpl, Unit Price: 3,29 €, Comparison Price: 0,11 €/kpl
Product: Gunry Wet Wipes Aloe vera 10kpl, Unit Price: 0,75 €, Comparison Price: 0,08 €/kpl
Product: Gunry Wet Wipes Lemon 10kpl, Unit Price: 0,75 €, Comparison Price: 0,08 €/kpl
Product: Änglamark meikinpoistoliina 25 kpl, Unit Price: 1,69 €, Comparison Price: 0,07 €/kpl
Product: Gunry Wet Wipes kosteuspyyhe 100 kpl, Unit Price: 4,95 €, Comparison Price: 0,05 €/kpl
Product: Topz Cleansing Wipes *GOTS* Cosmo, Unit Price: 3,20 €, Comparison Price: 0,21 €/kpl
Product: Carrefour Soft Sensitive Micellar Water puhdistusliina 25 kpl, Unit Price: 1,09 €, Comparison Price: 0,04 €/kpl
Product: Lumene HERKKÄ Hellävaraiset puhdistusliinat 25kpl, Unit Price: 3,75 €, Comparison Price: 0,15 €/kpl
Product: Lumene KLASSIKKO Puhdistusliinat kaikille ihotyypeille 25kpl, Unit Price: 2,95 €, Comparison Price: 0,12 €/kpl
Product: Erisan Hajusteeton Kosteuttavat Puhdistusliinat 25 kpl, Unit Price: 3,89 €, Comparison Price: 0,16 €/kpl
Product: NIVEA 125ml Double Effect Eye Make-up Remover -silmämeikinpoistoaine, Unit Price: 5,75 €, Comparison Price: 46,00 €/l
Product: NIVEA 25kpl MicellAIR SKIN BREATHE® Cleansing Wipes -puhdistusliinat, Unit Price: 3,35 €, Comparison Price: 0,13 €/kpl
Product: Lumene HERKKÄ Hellävarainen silmä- ja huulimeikin poistoaine 100ml, Unit Price: 6,75 €, Comparison Price: 67,50 €/l
Product: NIVEA 25kpl Daily Essentials Gentle Cleansing Wipes puhdistusliinat kuivalle iholle, Unit Price: 4,59 €, Comparison Price: 0,18 €/kpl
Product: Chiavazza ”00” Pizzajauho 1kg, Unit Price: 1,99 €, Comparison Price: 1,99 €/kg
Product: Molino Spadoni Gran Mugnaio 1kg pizzajauho, Unit Price: 2,49 €, Comparison Price: 2,49 €/kg
Product: Kotimaista 250g ohukais- ja vohvelijauhe, Unit Price: 1,29 €, Comparison Price: 5,16 €/kg
Product: Semper Gluteeniton Hieno Jauhoseos 500g, Unit Price: 3,49 €, Comparison Price: 6,98 €/kg
Product: Fazer Leipurit Suomalainen 00-vehnäjauho 900 g, Unit Price: 3,49 €, Comparison Price: 3,88 €/kg
Product: Sunnuntai 300g ohukais- ja vohvelijauhe, Unit Price: 2,15 €, Comparison Price: 7,17 €/kg
Product: Kotimaista sämpyläjauho 2 kg, Unit Price: 1,89 €, Comparison Price: 0,95 €/kg
Product: 750g Hungry Chef Pizzajauho, 00-vehnäjauhoja, Unit Price: 2,89 €, Comparison Price: 3,85 €/kg
Product: Myllärin Luomu Lettu- ja Vohvelijauho 250 g, Unit Price: 1,59 €, Comparison Price: 6,36 €/kg
Product: Kotimaista gluteeniton jauhoseos 1 kg, Unit Price: 4,85 €, Comparison Price: 4,85 €/kg
Product: Myllärin Pinaattilettujauho 300 g, Unit Price: 1,75 €, Comparison Price: 5,83 €/kg
Product: Myllyn Paras Pizzajauho 1 kg, Unit Price: 2,49 €, Comparison Price: 2,49 €/kg
Product: Sunnuntai 1kg gluteeniton jauhoseos, Unit Price: 5,49 €, Comparison Price: 5,49 €/kg
Product: Myllyn Paras Lettu- ja vohvelijauho 250g, Unit Price: 1,45 €, Comparison Price: 5,80 €/kg
Product: 350g Hungry Chef New Orleans Pannukakku Mix, Unit Price: 3,95 €, Comparison Price: 11,29 €/kg
Product: 1kg Hungry Chef Pizzajauho Nascosto Professional "00", Unit Price: 3,09 €, Comparison Price: 3,09 €/kg
Product: Myllyn Paras Pinaattilettujauho 250g, Unit Price: 1,45 €, Comparison Price: 5,80 €/kg
Product: Sunnuntai 250g lettu- ja vohvelijauhe 100% kauraa, Unit Price: 2,15 €, Comparison Price: 8,60 €/kg
Product: Myllärin Lettu- ja Pannukakkujauho 1 kg, Unit Price: 2,79 €, Comparison Price: 2,79 €/kg
Product: Myllyn Paras Karamellilettujauho 250g, Unit Price: 1,45 €, Comparison Price: 5,80 €/kg
Product: Myllyn Paras Porkkanalettujauho 250g, Unit Price: 1,45 €, Comparison Price: 5,80 €/kg
Product: Virtasalmen Viljatuote Vaalea gluteeniton jauhoseos 500g, Unit Price: 3,29 €, Comparison Price: 6,58 €/kg
Product: Foodin Kikhernejauho luomu 350g, Unit Price: 2,49 €, Comparison Price: 7,11 €/kg
Product: Myllärin Hiivaleipäjauho 2 kg, Unit Price: 2,39 €, Comparison Price: 1,20 €/kg
Product: Valio Oltermanni® 17 % e900 g, Unit Price: 6,65 €, Comparison Price: 7,39 €/kg
Product: Coca-Cola Original Taste virvoitusjuoma muovipullo 1,5 L, Unit Price: 2,79 €, Comparison Price: 1,59 €/l
Product: Shave Club Finland partaöljy metsuri 30ml, Unit Price: 11,15 €, Comparison Price: 371,67 €/l
Product: Shave Club Finland partavaha metsuri 60ml, Unit Price: 16,95 €, Comparison Price: 282,50 €/l
Product: Mossa Vitamin Cocktail kasvoöljy, 30ml, Unit Price: 13,35 €, Comparison Price: 445,00 €/l
Product: L'Oréal Paris Men Expert Barber Club Beard & Hair Styling Cream parran ja hiustenmuotoiluvoide 75ml, Unit Price: 9,55 €, Comparison Price: 127,33 €/l
Product: Beauty of Joseon Ginseng Moist Sun Serum, Unit Price: 21,95 €, Comparison Price: 439,00 €/l
Product: Beauty of Joseon Matte Sun Stick : Mugwort + Camellia Aurinkopuikko, Unit Price: 19,90 €, Comparison Price: 1105,56 €/kg
Product: Aurinkovoide Beauty of Joseon Relief Sun : Rice +Probiotics 50ml, Unit Price: 15,96 €, Comparison Price: 319,20 €/l
Product: Scandy Spot the F Off Invisible Blemish Patches täsmähoitotuote näppylöille 24 kpl, Unit Price: 9,95 €, Comparison Price: 0,41 €/kpl
Product: Lumene LUMO Silottava & kiinteyttävä pikakaunistaja 30 ml, Unit Price: 28,50 €, Comparison Price: 950,00 €/l
Product: Rainbow Sulatejuustopala 250g, Unit Price: 2,69 €, Comparison Price: 10,76 €/kg
Product: Shave Club Finland partashampoo metsuri 200ml, Unit Price: 16,95 €, Comparison Price: 84,75 €/l
Product: Neutrogena Clear & Defend Rapid Gel täsmähoitogeeli 15 ml, Unit Price: 6,85 €, Comparison Price: 456,67 €/l
Product: Beauty of Joseon Glow Serum: Propolis+Niacinamide, Unit Price: 19,95 €, Comparison Price: 665,00 €/l
Product: Rainbow viljaiset patongit 2kpl 300g, Unit Price: 1,99 €, Comparison Price: 6,63 €/kg
Product: 24-pack Coca-Cola Zero Sokeriton virvoitusjuoma tölkki 0,33 L, Unit Price: 13,95 €, Comparison Price: 1,31 €/l
Product: MOSSA Acne Act Täsmätipat finneihin ja epäpuhtauksiin 15ml, Unit Price: 10,95 €, Comparison Price: 730,00 €/l
Product: Lumene VALO Ravitseva vitamiini-tehohoito 30ml, Unit Price: 27,95 €, Comparison Price: 931,67 €/l
Product: Rainbow putkenavaaja 1 l, Unit Price: 1,45 €, Comparison Price: 1,45 €/l
Product: Mr Muscle Kodin putkimies 1l viemärinavaaja, Unit Price: 3,45 €, Comparison Price: 3,45 €/l
Product: Mr Muscle 500ml viemärigeeli viemärinavaaja, Unit Price: 3,79 €, Comparison Price: 7,58 €/l
Product: Havu Mäntysuopaliuos 1L yleispuhdistusaine, Unit Price: 2,95 €, Comparison Price: 2,95 €/l
Product: Domestos Original WC -puhdistusaine Valkaiseva 750 ml, Unit Price: 2,49 €, Comparison Price: 3,32 €/l
Product: Putkireiska Putkenavaajaliuos 1 L, Unit Price: 3,19 €, Comparison Price: 3,19 €/l
Product: Rainbow wc-raikastin blue water 40g, Unit Price: 0,99 €, Comparison Price: 24,75 €/kg
Product: Rainbow mäntynestesaippua 1 l, Unit Price: 2,19 €, Comparison Price: 2,19 €/l
Product: Kiilto Koti yleispuhdistusliina Apilankukka 36 kpl, Unit Price: 2,89 €, Comparison Price: 0,08 €/kpl
Product: WC Kukka Sininen huuhtelu wc-raikastin 40g, Unit Price: 1,69 €, Comparison Price: 42,25 €/kg
Product: WC Kukka Sininen huuhtelu tuplapakkaus wc-raikastin 2x40g, Unit Price: 2,99 €, Comparison Price: 37,38 €/kg
Product: Domestos Mountain Fresh WC-puhdistusaine Desinfioiva 750 ml, Unit Price: 2,49 €, Comparison Price: 3,32 €/l
Product: Duck Aktiv-Gel 750ml citrus WC:n puhdistusaine, Unit Price: 2,39 €, Comparison Price: 3,19 €/l
Product: Harpic 750ml Power Plus Original WC, Unit Price: 1,99 €, Comparison Price: 2,65 €/l
Product: Tolu 500ml Käyttövalmis yleispuhdistusaine spray, Unit Price: 2,95 €, Comparison Price: 5,90 €/l
Product: Domestos Ocean WC-raikastintikut IDO-WC-istuimiin 10x9,5g 10 kpl, Unit Price: 6,49 €, Comparison Price: 0,65 €/kpl
Product: Rainbow kloriitti original 750 ml, Unit Price: 1,49 €, Comparison Price: 1,99 €/l
Product: Xtra WC-puhdistaja 1 l, Unit Price: 1,29 €, Comparison Price: 1,29 €/l
Product: Tolu 500ml Kylpyhuone puhdistusaine spray, Unit Price: 2,95 €, Comparison Price: 5,90 €/l
Product: Kiilto WC biohajoava puhdistussuihke Sitrus 600 ml, Unit Price: 3,15 €, Comparison Price: 5,25 €/l
Product: Kiilto Ikkunanpuhdistusliina 36 kpl, Unit Price: 2,89 €, Comparison Price: 0,08 €/kpl
Product: Sanytol 72kpl Monikäyttöinen desinfiointipyyhe, Unit Price: 3,59 €, Comparison Price: 0,05 €/kpl
Product: Bref 2x50g Power Active Flower WC-raikastin, Unit Price: 2,89 €, Comparison Price: 28,90 €/kg
Product: WC Kukka Meri wc-geeli 750ml, Unit Price: 2,29 €, Comparison Price: 3,05 €/l
Product: Natuk Hydra Boost 30ml GLA-kasvoöljy, Unit Price: 19,25 €, Comparison Price: 641,67 €/l
Product: Taika Vahvistava kasvoöljy COSMOS 30ml, Unit Price: 19,85 €, Comparison Price: 661,67 €/l
Product: Scandy Dew Me a Favor Prep & Refresh Face Mist kasvosuihke 100 ml, Unit Price: 9,95 €, Comparison Price: 99,50 €/l
Product: Rainbow maissitärkkelys  400 g, Unit Price: 1,29 €, Comparison Price: 3,23 €/kg
Product: Shave Club Finland parranhoitoaine metsuri 200ml x 6 x 240, Unit Price: 16,95 €, Comparison Price: 84,75 €/l
Product: Juustoportti Halla 150 g paistettava juusto laktoositon, Unit Price: 3,59 €, Comparison Price: 23,93 €/kg
Product: Lumene LUMO Pre-retinoli kasvoöljy 30 ml, Unit Price: 29,95 €, Comparison Price: 998,33 €/l
Product: 6-pack Coca-Cola Zero Sokeriton virvoitusjuoma tölkki 0,33 L, Unit Price: 3,99 €, Comparison Price: 1,56 €/l
Product: Chiavazza ”00” Pizzajauho 1kg, Unit Price: 1,99 €, Comparison Price: 1,99 €/kg
Product: Rainbow 350g valkosipulivoipatonki 2kpl pakaste, Unit Price: 0,99 €, Comparison Price: 2,83 €/kg
Product: Herkku Kana-caesarsalaatti, Unit Price: 28,90 €, Comparison Price: 
Product: Smuuti Skin Watermelon Dew Toner Mist suihkutettava kasvovesi 100 ml, Unit Price: 12,95 €, Comparison Price: 129,50 €/l
Product: Lumene KLASSIKKO Virkistävä kasvovesi kaikille ihotyypeille 200ml, Unit Price: 4,15 €, Comparison Price: 20,75 €/l
Product: NIVEA 200ml Caring Toner -kasvovesi, Unit Price: 5,65 €, Comparison Price: 28,25 €/l
Product: Erisan Hajusteeton Alkoholiton Kasvovesi 200 ml, Unit Price: 4,99 €, Comparison Price: 24,95 €/l
Product: Lumene HERKKÄ Rauhoittava kasvovesi 200ml, Unit Price: 7,49 €, Comparison Price: 37,45 €/l
Product: Lumene HELLÄ Kosteuttava kasvovesi 200ml, Unit Price: 7,75 €, Comparison Price: 38,75 €/l
Product: Lumene PUHDAS Syväpuhdistava kasvovesi 200ml, Unit Price: 7,75 €, Comparison Price: 38,75 €/l
Product: LV 250 ml Kasvovesi, Unit Price: 4,35 €, Comparison Price: 17,40 €/l
Product: Lumene KIRKAS Kirkastava kasvovesi 200ml, Unit Price: 6,99 €, Comparison Price: 34,95 €/l
Product: NIVEA 200ml Refreshing Toner -kasvovesi, Unit Price: 5,65 €, Comparison Price: 28,25 €/l
Product: NIVEA 400ml Soothing Micellar Water -misellivesi, Unit Price: 6,99 €, Comparison Price: 17,47 €/l
Product: Änglamark kasvovesi 200 ml, Unit Price: 2,65 €, Comparison Price: 13,25 €/l
Product: L300 Balancing Toner with Prebiotic kasvovesi 200ml, Unit Price: 6,65 €, Comparison Price: 33,25 €/l
Product: Erisan+ Prebioottinen Kasvosuihke 100ml, Unit Price: 9,99 €, Comparison Price: 99,90 €/l
Product: Green Plum Refreshing kasvovesi, Unit Price: 19,95 €, Comparison Price: 133,00 €/l
Product: Neutrogena Blackhead Eliminating Cleansing Toner kasvovesi 200 ml, Unit Price: 6,85 €, Comparison Price: 34,25 €/l
Product: Mossa Youth Defence heleyttävä kasvovesi 200ml, Unit Price: 11,95 €, Comparison Price: 59,75 €/l
Product: Lumene LÄHDE Kosteuttava Kasvosuihke 50ml, Unit Price: 10,45 €, Comparison Price: 209,00 €/l
Product: Natuk Hydra Boost 200ml Kosteuttava hoitovesisuihke, Unit Price: 16,25 €, Comparison Price: 81,25 €/l
Product: Ziaja C.B3 vitamiini kasvosuihke 190 ml, Unit Price: 6,95 €, Comparison Price: 36,58 €/l
Product: NOB Bio tonic lotion, Unit Price: 3,85 €, Comparison Price: 19,25 €/l
Product: Ziaja C.B3 vitamiini 1 % AHA+PHA kasvovesi 120 ml, Unit Price: 6,95 €, Comparison Price: 57,92 €/l
Product: NIVEA 200ml Derma Skin Clear Toner -kasvovesi, Unit Price: 7,35 €, Comparison Price: 36,75 €/l
Product: Neutrogena Clear & Defend+ Liquid Exfoliant kuoriva kasvovesi 125 ml, Unit Price: 9,95 €, Comparison Price: 79,60 €/l
Product: Rainbow maalaismoniviljapatonki 250g., Unit Price: 1,69 €, Comparison Price: 6,76 €/kg
Product: Capra vuohenjuustorulla, Unit Price: 22,50 €, Comparison Price: 
Product: 24-pack Coca-Cola Original Taste virvoitusjuoma tölkki 0,33 L, Unit Price: 15,59 €, Comparison Price: 1,51 €/l
Product: Pågen Gifflar Vanilj pienet vaniljapullat 280g, Unit Price: 0,90 €, Comparison Price: 3,21 €/kg
Product: Korpelan Mylly Ohratärkkelys 400 g, Unit Price: 1,99 €, Comparison Price: 4,97 €/kg
Product: Huonetuoksu Love 100 ml.  Tuoksuna Waterlily & Rose. Huonetuoksussa käytetty luonnollisia eteerisiä öljyjä., Unit Price: 11,50 €, Comparison Price: 115,00 €/l
Product: Sprite Sitruuna-Lime virvoitusjuoma muovipullo 1,5 L, Unit Price: 3,39 €, Comparison Price: 1,99 €/l
Product: Helmi 500g Luomuperunajauho, Unit Price: 1,99 €, Comparison Price: 3,98 €/kg
Product: Erittäin Hieno Suomalainen shampoo 500ml, Unit Price: 2,69 €, Comparison Price: 5,38 €/l
Product: Erittäin Hieno Suomalainen 300ml Shampoo, Unit Price: 1,79 €, Comparison Price: 5,97 €/l
Product: XZ 250ml Mustikka shampoo, Unit Price: 2,89 €, Comparison Price: 11,56 €/l
Product: Erittäin Hieno Suomalainen Mustikkashampoo 300ml, Unit Price: 1,79 €, Comparison Price: 5,97 €/l
Product: LV 250ml shampoo, Unit Price: 3,19 €, Comparison Price: 12,76 €/l
Product: L'Oréal Paris Elvital Multivitamin 2in1 Shampoo Ja Hoitoaine Normaaleille Hiuksille 250ml, Unit Price: 3,15 €, Comparison Price: 12,60 €/l
Product: L'Oréal Paris Elvital Hyaluron Plump shampoo kosteutta kaipaaville hiuksille 400ml, Unit Price: 3,99 €, Comparison Price: 9,98 €/l
Product: Linna Shampoo 400 ml, Unit Price: 2,15 €, Comparison Price: 5,37 €/l
Product: XZ 250ml Teepuu shampoo rasvoittuville hiuksille, Unit Price: 2,89 €, Comparison Price: 11,56 €/l
Product: XZ 250ml Aito Omena shampoo, Unit Price: 2,89 €, Comparison Price: 11,56 €/l
Product: head&shoulders 2in1 Classic Clean 250ml shampoo, Unit Price: 4,29 €, Comparison Price: 17,16 €/l
Product: head&shoulders Classic Clean 250ml shampoo, Unit Price: 3,69 €, Comparison Price: 14,76 €/l
Product: XZ 250ml Persikkanektari sulfaatiton shampoo, Unit Price: 2,89 €, Comparison Price: 11,56 €/l
Product: Erittäin Hieno Suomalainen Tervashampoo 300ml, Unit Price: 1,79 €, Comparison Price: 5,97 €/l
Product: XZ 250ml Aito shampoo normaalit hiukset, Unit Price: 2,89 €, Comparison Price: 11,56 €/l
Product: L'Oréal Paris Elvital Hyaluron Plump shampoo kosteutta kaipaaville hiuksille 250ml, Unit Price: 3,15 €, Comparison Price: 12,60 €/l
Product: L'Oréal Paris Elvital Color-Vive Shampoo värjätyille ja raidoitetuille hiuksille 250ml, Unit Price: 3,15 €, Comparison Price: 12,60 €/l
Product: L'Oréal Paris Elvital Anti-Breakage shampoo kuiville ja katkeileville hiuksille 250ml, Unit Price: 3,15 €, Comparison Price: 12,60 €/l
Product: L'Oréal Paris Elvital Hyaluron Pure shampoo kosteutta kaipaaville hiuksille 250ml, Unit Price: 3,15 €, Comparison Price: 12,60 €/l
Product: XZ 250ml Teho hilseshampoo, Unit Price: 2,89 €, Comparison Price: 11,56 €/l
Product: head&shoulders Apple Fresh 500ml shampoo, Unit Price: 6,95 €, Comparison Price: 13,90 €/l
Product: L'Oréal Paris Elvital Extraordinary Oil Shampoo normaaleille ja kuiville hiuksille 250ml, Unit Price: 3,15 €, Comparison Price: 12,60 €/l
Product: L'Oréal Paris Elvital Dream Length Restoring shampoo pitkille, vaurioituneille hiuksille 250ml, Unit Price: 3,15 €, Comparison Price: 12,60 €/l
Product: L'Oréal Paris Elvital Color-Vive Shampoo värjätyille ja raidoitetuille hiuksille 400ml, Unit Price: 3,99 €, Comparison Price: 9,98 €/l
Product: Herkku Premium skagenröra, Unit Price: 34,90 €, Comparison Price: 
Product: Valio Koskenlaskija® Ruoka & Dippi e250 g cheddar laktoositon, Unit Price: 2,30 €, Comparison Price: 9,20 €/kg
Product: Kantolan Kaurakeksi 300g, Unit Price: 2,29 €, Comparison Price: 7,63 €/kg
Product: Kotimaista 335g leipäjuusto vähälaktoosinen, Unit Price: 1,99 €, Comparison Price: 5,94 €/kg
Product: 6-pack Coca-Cola virvoitusjuoma tölkki 0,33 L, Unit Price: 3,99 €, Comparison Price: 1,56 €/l
Product: Fazer Imatran Riisipiirakka 6kpl 420g, Unit Price: 2,29 €, Comparison Price: 5,45 €/kg
Product: Fazer Rukiinen Riisipiirakka 6kpl 420g, Unit Price: 2,29 €, Comparison Price: 5,45 €/kg
Product: Fazer Vuoksen Riisipiirakka 9kpl 330g, Unit Price: 2,29 €, Comparison Price: 6,94 €/kg
Product: Coop riisipiirakka 6 kpl 390 g, Unit Price: 1,19 €, Comparison Price: 3,05 €/kg
Product: Saarioinen Iso vaalea riisipiirakka 9kpl 630g, Unit Price: 3,45 €, Comparison Price: 5,48 €/kg
Product: HoviRuoka 400g/4kpl Lihapiirakka, Unit Price: 1,65 €, Comparison Price: 4,12 €/kg
Product: Fazer Kaurainen Riisipiirakka 6kpl 420g, Unit Price: 2,29 €, Comparison Price: 5,45 €/kg
Product: HoviRuoka 495g/9kpl Riisipiirakka, Unit Price: 1,75 €, Comparison Price: 3,54 €/kg
Product: HoviRuoka 260g/4kpl Gluteeniton Riisipiirakka, Unit Price: 1,99 €, Comparison Price: 7,65 €/kg
Product: HoviRuoka 10x100g Lihapiirakka, Unit Price: 2,74 €, Comparison Price: 2,74 €/kg
Product: Piiras Kartano 4kpl/400g lihapiirakka kypsä, Unit Price: 1,89 €, Comparison Price: 4,72 €/kg
Product: HoviRuoka Perunapiirakka gluteeniton 4kpl / 260g, Unit Price: 1,65 €, Comparison Price: 6,35 €/kg
Product: HoviRuoka 240g/4kpl Vege Riisipiirakka, Unit Price: 1,09 €, Comparison Price: 4,54 €/kg
Product: HoviRuoka 4x115g VEGE Kasvispiirakka, Unit Price: 3,45 €, Comparison Price: 7,50 €/kg
Product: Hoviruoka 115g Kasvispiirakka, Unit Price: 0,99 €, Comparison Price: 8,61 €/kg
Product: Saarioinen Grahamlihapiirakka 4kpl 280g, Unit Price: 2,89 €, Comparison Price: 10,32 €/kg
Product: HK lihis kahdella nakilla 210g, Unit Price: 2,19 €, Comparison Price: 10,43 €/kg
Product: HK Perinteinen lihis 170g, Unit Price: 1,39 €, Comparison Price: 8,18 €/kg
Product: Asmara Herkkushop - Jauheliha/sipuli piirakka - 3x105g, Unit Price: 5,80 €, Comparison Price: 18,41 €/kg
Product: Saarioinen Grahamkasvispiirakka; grahampiirakka kasvistäytteellä 4kpl 280g, Unit Price: 2,89 €, Comparison Price: 10,32 €/kg
Product: Porokylän Lihapiirakka 2 kpl / 190 g gluteeniton, Unit Price: 3,59 €, Comparison Price: 18,89 €/kg
Product: Piirakkamestari Jättilihapiirakka 1/220g, Unit Price: 1,69 €, Comparison Price: 7,68 €/kg
Product: Asmara Herkkushop - Feta/pinaatti piirakka - 3x105g, Unit Price: 5,80 €, Comparison Price: 18,41 €/kg
Product: Asmara Herkkushop - Mozzarella/tomaatti piirakka - 3x105g, Unit Price: 5,80 €, Comparison Price: 18,41 €/kg
Product: Rainbow 100g kanafilee, makupala koiralle, Unit Price: 1,49 €, Comparison Price: 14,90 €/kg
Product: Pöytäkynttilä huurre 7x10 cm roosa, paloaika n. 40 tuntia, Unit Price: 3,85 €, Comparison Price: 
Product: Mummon 210g Muru gluteeniton, Unit Price: 1,98 €, Comparison Price: 9,43 €/kg
Product: Fresh Hetki Suosikkisalaatti Leipäjuusto 250g, Unit Price: 2,99 €, Comparison Price: 11,96 €/kg
Product: Ramune Soft Drink Carbonated(Mansikka)200ml, Unit Price: 2,95 €, Comparison Price: 14,75 €/l
Product: Ramune Soft Drink Carbonated(Original)200ml, Unit Price: 2,95 €, Comparison Price: 14,75 €/l
Product: 6 x Hartwall Jaffa Lemonade Sokeriton virvoitusjuoma 0,33 l, Unit Price: 4,59 €, Comparison Price: 1,86 €/l
Product: Hartwall Jaffa Lemonade Sokeriton virvoitusjuoma 0,5 l, Unit Price: 2,25 €, Comparison Price: 4,10 €/l
Product: Rainbow Ananas virvoitusjuoma sokeriton 1,5l, Unit Price: 1,75 €, Comparison Price: 0,90 €/l
Product: Sun'n Sweet Strawberry 0,33l, Unit Price: 1,19 €, Comparison Price: 3,15 €/l
Product: San Pellegrino Naturali Limonata virvoitusjuoma  33cl, Unit Price: 1,99 €, Comparison Price: 5,58 €/l
Product: Pommac virvoitusjuoma 1,5 l, Unit Price: 3,79 €, Comparison Price: 2,26 €/l
Product: Rainbow Festival virvoitusjuoma sokeriton 1,5l, Unit Price: 1,85 €, Comparison Price: 0,97 €/l
Product: Sun'n Amazing Apple 0,33l, Unit Price: 1,19 €, Comparison Price: 3,15 €/l
Product: Sun'n Red Cherry 0,33l, Unit Price: 1,19 €, Comparison Price: 3,15 €/l
Product: Dr Pepper Original virvoitusjuoma muovipullo 0,5 L, Unit Price: 2,35 €, Comparison Price: 4,30 €/l
Product: San Pellegrino Naturali Aranciata Rossa 33cl can, Unit Price: 1,99 €, Comparison Price: 5,58 €/l
Product: Sun'n Majestic Mango 0,33l, Unit Price: 1,19 €, Comparison Price: 3,15 €/l
Product: Sun'n Ginger Beer 0,33l, Unit Price: 1,19 €, Comparison Price: 3,15 €/l
Product: Sun'n Cream Soda 0,33l, Unit Price: 1,19 €, Comparison Price: 3,15 €/l
Product: Rainbow Festival virvoitusjuoma hedelmän makuinen 1,5l, Unit Price: 2,35 €, Comparison Price: 1,30 €/l
Product: Pommac Sokeriton virvoitusjuoma 1,5 l, Unit Price: 3,49 €, Comparison Price: 2,06 €/l
Product: San Pellegrino Naturali Pompelmo 33cl, Unit Price: 1,99 €, Comparison Price: 5,58 €/l
Product: Sun'n Pretty Peach 0,33l, Unit Price: 1,19 €, Comparison Price: 3,15 €/l
Product: Laitilan Hawaiji 0,33L ananaksenmakuinen limonaadi, Unit Price: 1,19 €, Comparison Price: 3,15 €/l
Product: Fanta Etelän Hedelmät Zero virvoitusjuoma muovipullo 1,5 L, Unit Price: 2,69 €, Comparison Price: 1,53 €/l
Product: San Pellegrino Naturali Melograno & Arancia 33cl, Unit Price: 1,99 €, Comparison Price: 5,58 €/l
Product: Hartwall Jaffa Ananas Sokeriton virvoitusjuoma 1,5 l, Unit Price: 2,99 €, Comparison Price: 1,73 €/l
Product: God Morgon Organic Luomu Appelsiinimehu 850 ml, Unit Price: 2,95 €, Comparison Price: 3,24 €/l
Product: Rosten Kierrepulla täytepulla 6x45g, Unit Price: 2,59 €, Comparison Price: 9,59 €/kg
Product: Granarolo 125g mozzarella juusto, Unit Price: 1,89 €, Comparison Price: 15,12 €/kg
Product: Jalostaja Lihapullakastike 400g, Unit Price: 3,69 €, Comparison Price: 9,23 €/kg
Product: Jalostaja Sian- ja naudanlihavalmiste 200g, Unit Price: 2,15 €, Comparison Price: 10,75 €/kg
Product: Filos riisitäytteinen viininlehtikääryle 280g, Unit Price: 3,15 €, Comparison Price: 11,25 €/kg
Product: Jemma Pulled Pork BBQ nyhtöpossua kastikkeessa 210 g, Unit Price: 3,95 €, Comparison Price: 18,81 €/kg
Product: Jemma Butter Chicken kanalastuja kastikkeessa 210 g, Unit Price: 3,95 €, Comparison Price: 18,81 €/kg
Product: 2x80g/2x42g Lagom Kanafile auringonkukkaöljyssä, Unit Price: 3,09 €, Comparison Price: 36,79 €/kg
Product: Jemma Vege Gochujang kasvispyörykät kastikkeessa 230 g, Unit Price: 3,95 €, Comparison Price: 17,17 €/kg
Product: Jalostaja Lihapyörykät ruskeakastikkeessa 400g, Unit Price: 3,25 €, Comparison Price: 8,13 €/kg
Product: Jalostaja Naudanlihavalmiste 400g, Unit Price: 5,15 €, Comparison Price: 12,88 €/kg
Product: Jalostaja Naudan- ja sianlihavalmiste 400g, Unit Price: 4,45 €, Comparison Price: 11,13 €/kg
Product: Jalostaja Kermainen nakkikastike 450g, Unit Price: 2,28 €, Comparison Price: 5,02 €/kg
Product: Paliria riisitäytteinen viininlehtikääryle 280g, Unit Price: 3,95 €, Comparison Price: 14,11 €/kg
Product: Jalostaja Chili con Härkis® 400g, Unit Price: 4,09 €, Comparison Price: 10,23 €/kg
Product: Chef Kalle Vöner-lastu miedossa kastikkeessa 207 g, Unit Price: 2,22 €, Comparison Price: 10,72 €/kg
Product: Deroni Paprika-munakoisotahna Ajvar 250 g, Unit Price: 2,99 €, Comparison Price: 11,96 €/kg
Product: 2x80g/2x42g Lagom Kanafile vedessä, Unit Price: 3,09 €, Comparison Price: 36,79 €/kg
Product: Jalostaja Herkkulihapullaruskeakastike 400g, Unit Price: 4,19 €, Comparison Price: 10,48 €/kg
Product: Jalostaja Lihapyörykät kermakastikkeessa 450g, Unit Price: 4,55 €, Comparison Price: 10,11 €/kg
Product: 2x80g Lagom Kanafile tomaattikastikkeessa, Unit Price: 3,09 €, Comparison Price: 36,79 €/kg
Product: Deroni paprika-tomaattitahna Lutenitsa 265 g, Unit Price: 2,79 €, Comparison Price: 10,53 €/kg
Product: Chef Kalle Grillattu Döner-lastu miedossa kastikkeessa 205g, Unit Price: 4,25 €, Comparison Price: 20,73 €/kg
Product: Jalostaja Stroganoff 400g, Unit Price: 5,85 €, Comparison Price: 14,62 €/kg
Product: Kala-Kallen Grillattu broilerikuutio 215 g, Unit Price: 3,89 €, Comparison Price: 18,09 €/kg
Product: Deli Deli 1350g Säilöttyjä ankankoipia, Unit Price: 22,59 €, Comparison Price: 17,65 €/kg
Product: Olympus 150g Feta laktoositon, Unit Price: 3,39 €, Comparison Price: 22,60 €/kg
Product: LV 60ml Korjaava yövoide, Unit Price: 6,15 €, Comparison Price: 102,50 €/l
Product: Lumene KLASSIKKO Uudistava yövoide 50ml, Unit Price: 4,95 €, Comparison Price: 99,00 €/l
Product: Lumene KLASSIKKO Tasoittava yövoide 50ml, Unit Price: 7,99 €, Comparison Price: 159,80 €/l
Product: Lumene KLASSIKKO Rauhoittava yövoide 50ml, Unit Price: 6,65 €, Comparison Price: 133,00 €/l
Product: Lumene Klassikko Advanced Anti-Age Rosy Ravitseva yövoide 50 ml, Unit Price: 15,35 €, Comparison Price: 307,00 €/l
Product: NIVEA 50ml Anti-Wrinkle Contouring Night Cream 65+ -yövoide, Unit Price: 5,99 €, Comparison Price: 119,80 €/l
Product: Lumene KLASSIKKO Advanced Anti-Age Elvyttävä Yövoide 50ml, Unit Price: 13,90 €, Comparison Price: 278,00 €/l
Product: NIVEA 50ml Q10 Power Anti-Wrinkle Replenishing Night Cream -yövoide, Unit Price: 10,95 €, Comparison Price: 219,00 €/l
Product: L300 Hyaluronic Renewal Anti-Age Night Cream yövoide 50ml, Unit Price: 14,85 €, Comparison Price: 297,00 €/l
Product: L300 Pro-Retinol Intense Recovery Night Cream fragrance free hajusteeton yövoide 50ml, Unit Price: 19,75 €, Comparison Price: 395,00 €/l
Product: L'Oréal Paris Revitalift ryppyjä silottava ja ihoa kiinteyttävä yövoide 50ml, Unit Price: 8,95 €, Comparison Price: 179,00 €/l
Product: Mossa YOUTH DEFENCE Restoring yövoide, 50ml, Unit Price: 12,95 €, Comparison Price: 259,00 €/l
Product: L'Oréal Paris Age Perfect Golden Age Night vahvistava ja kaunistava yövoide 50ml, Unit Price: 13,95 €, Comparison Price: 279,00 €/l
Product: L'Oréal Paris Triple Active kosteuttava yövoide 50ml, Unit Price: 5,95 €, Comparison Price: 119,00 €/l
Product: NIVEA 50ml Anti-Wrinkle Revitalizing Night Cream 55+ -yövoide, Unit Price: 5,99 €, Comparison Price: 119,80 €/l
Product: L'Oréal Paris Age Perfect Night kosteuttava & kiinteyttävä yövoide ikääntyvälle iholle 50ml, Unit Price: 12,95 €, Comparison Price: 259,00 €/l
Product: Erisan Hajusteeton Uudistava Yövoide 75 ml, Unit Price: 7,59 €, Comparison Price: 101,20 €/l
Product: NIVEA 50ml Q10 Anti-Wrinkle Extra Nourish Night Cream -yövoide, Unit Price: 12,95 €, Comparison Price: 259,00 €/l
Product: Carrefour Soft Q10 Night Cream yövoide 50 ml, Unit Price: 3,65 €, Comparison Price: 73,00 €/l
Product: URTEKRAM Luomu Dare to Dream Ageless Yövoide 50 ml, Unit Price: 8,65 €, Comparison Price: 173,00 €/l
Product: Lumene VALO Heleyttävä yövoide 50 ml, Unit Price: 24,95 €, Comparison Price: 499,00 €/l
Product: Lumene LUMO Silottava & kiinteyttävä yövoide 50 ml, Unit Price: 26,50 €, Comparison Price: 530,00 €/l
Product: Nectar of Bio hydrating night cream yövoide 50 ml, Unit Price: 3,25 €, Comparison Price: 65,00 €/l
Product: Garnier SkinActive Hyaluronic Aloe yövoide normaalille iholle 50 ml, Unit Price: 5,95 €, Comparison Price: 119,00 €/l
Product: Kennelpakaste Jauhettu lohi 500 g, Unit Price: 2,45 €, Comparison Price: 4,90 €/kg
Product: Xtra Cookies suklaahippukeksi  150 g, Unit Price: 0,49 €, Comparison Price: 3,27 €/kg
Product: Kartanon leipä Wienerleipä 2 x 75g, Unit Price: 3,85 €, Comparison Price: 25,67 €/kg
Product: Leipurin Pinsa Romana 230 g, Unit Price: 3,95 €, Comparison Price: 17,17 €/kg
Product: Myllyn Paras Emännän Täysjyväkaurajauho 1 kg, Unit Price: 1,89 €, Comparison Price: 1,89 €/kg
Product: Rainbow 125g Evelina maitosuklaakeksi, Unit Price: 0,75 €, Comparison Price: 6,00 €/kg
Product: Valio Koskenlaskija® Ruoka & Dippi e250 g voimakas 14 % laktoositon, Unit Price: 3,29 €, Comparison Price: 13,16 €/kg
Product: Kennelpakaste Palaliha 1000 g, Unit Price: 4,39 €, Comparison Price: 4,39 €/kg
Product: Paulig Juhla Mokka Ilta kofeiiniton kahvi suodatinjauhatus 270g, Unit Price: 4,55 €, Comparison Price: 16,85 €/kg
Product: Fazer Doris Tryffeli täytekeksi 250g, Unit Price: 3,45 €, Comparison Price: 13,80 €/kg
Product: Semper Fruktmums Mango 6kk hedelmäsose 110g, Unit Price: 1,10 €, Comparison Price: 10,00 €/kg
Product: Oululainen Pullava Kanelipulla 5kpl 275g, Unit Price: 2,95 €, Comparison Price: 10,73 €/kg
Product: Xtra jäätelötuutit vanilja 960ml 8kpl, Unit Price: 1,19 €, Comparison Price: 2,48 €/kg
Product: DUNI Dunicel® 138 x 220cm Breezy Butterflies pöytäliina, Unit Price: 6,61 €, Comparison Price: 
Product: MUSH DUO+ KANA-NAUTA KISSOILLE, Unit Price: 3,59 €, Comparison Price: 7,18 €/kg
Product: Hau-Hau Champion Kanapururulla 13 x 2,5 cm, 15 kpl, 550 g, Unit Price: 11,19 €, Comparison Price: 20,35 €/kg
Product: Lipton 20ps Forest Fruit pyramidi musta tee, Unit Price: 2,95 €, Comparison Price: 86,76 €/kg
Product: L'Oréal Paris Infaillible 3-Second Setting Mist meikinkiinnityssuihke 75ml, Unit Price: 14,95 €, Comparison Price: 199,33 €/l
Product: Coop grillijuusto laktoositon 200 g, Unit Price: 1,99 €, Comparison Price: 9,95 €/kg
Product: Tropicana pressed orange juice with pulp appelsiinitäysmehu hedelmälihalla 0,9l, Unit Price: 4,19 €, Comparison Price: 4,43 €/l
Product: Saarioinen Raikas kasvissalaatti 250g, Unit Price: 2,45 €, Comparison Price: 9,80 €/kg
Product: Coop valkosuklaa-karpalocookie 150 g, Unit Price: 0,99 €, Comparison Price: 6,60 €/kg
Product: Nordqvist Hertta yrttitee 20 x 1,2g, Unit Price: 4,95 €, Comparison Price: 206,25 €/kg
Product: Xtra appelsiinimehu 1l, Unit Price: 1,09 €, Comparison Price: 1,09 €/l
Product: Kokkikartano Pihvihampurilainen gluteeniton 195g, Unit Price: 4,49 €, Comparison Price: 23,03 €/kg
Product: Semper Fruktmums Mansikka 6kk hedelmäsose 110g, Unit Price: 1,10 €, Comparison Price: 10,00 €/kg
Product: Herkku Classics ravunpyrstö-caesarsalaatti 220 g, Unit Price: 6,59 €, Comparison Price: 29,95 €/kg
Product: Carrefour Soft Sensitive Micellar Water puhdistusliina 25 kpl, Unit Price: 1,09 €, Comparison Price: 0,04 €/kpl
Product: Coop Tortelloni tuorepasta aurinkokuivattu tomaatti & juusto 250 g, Unit Price: 1,59 €, Comparison Price: 6,36 €/kg
Product: Rainbow Toilet kosteuspyyhe 40 kpl, Unit Price: 2,29 €, Comparison Price: 0,06 €/kpl
Product: Fresh Hetki Lounassalaatti Kana-pitachips 240 g, Unit Price: 2,99 €, Comparison Price: 12,46 €/kg
Product: Lumene KLASSIKKO Puhdistusliinat kaikille ihotyypeille 25kpl, Unit Price: 2,95 €, Comparison Price: 0,12 €/kpl
Product: Fresh Hetki Arki Kana-pastasalaatti 200 g, Unit Price: 2,99 €, Comparison Price: 14,95 €/kg
Product: FSC Paper Cup 200ml Elegant Party 8 kpl, Unit Price: 1,69 €, Comparison Price: 0,21 €/kpl
Product: Semper Gluteeniton Hieno Jauhoseos 500g, Unit Price: 3,49 €, Comparison Price: 6,98 €/kg
Product: Forssan Kurkkuperunasalaatti 350g, Unit Price: 1,99 €, Comparison Price: 5,69 €/kg
Product: Valio appelsiinitäysmehu 1,5 l perinteinen, Unit Price: 1,99 €, Comparison Price: 1,33 €/l
Product: Rainbow smoothie omena, banaani & mustikka luomu 110 g 6 kk, Unit Price: 0,89 €, Comparison Price: 8,09 €/kg
Product: GameCraft pallopumppu Soccer Quicker, Unit Price: 4,99 €, Comparison Price: 
Product: Gunry Wet Wipes Lemon 10kpl, Unit Price: 0,75 €, Comparison Price: 0,08 €/kpl
Product: Rainbow 150g kylmäsavustettu kirjolohifilee viipaloitu, Unit Price: 3,99 €, Comparison Price: 26,60 €/kg
Product: Atria Kunnon Arki Kanaburgeri 115g, Unit Price: 1,49 €, Comparison Price: 12,96 €/kg
Product: Bref 2x50g Power Active Flower WC-raikastin, Unit Price: 2,89 €, Comparison Price: 28,90 €/kg
Product: Stokvis Tapes Basic maalarinteippi 38mm x 50m, Unit Price: 3,10 €, Comparison Price: 0,06 €/m
Product: Stokvis Tapes Basic maalarinteippi 48mm x 50m, Unit Price: 4,30 €, Comparison Price: 0,09 €/m
Product: Stokvis Tapes Basic maalarinteippi 25mm x 50m, Unit Price: 2,20 €, Comparison Price: 0,04 €/m
Product: Stokvis Tapes Basic maalarinteippi 19mm x 50m, Unit Price: 1,80 €, Comparison Price: 0,04 €/m
Product: Stokvis Tapes pakkausteippi kirkas 50mm x 66m, Unit Price: 2,95 €, Comparison Price: 0,04 €/m
Product: Stokvis Tapes Basic maalarinteippi 3-pack, Unit Price: 6,50 €, Comparison Price: 
Product: Stokvis Tapes pakkausteippi ruskea 50mm x 66m, Unit Price: 2,95 €, Comparison Price: 0,04 €/m
Product: Tesa maalarinteippi Classic 50 m x 30 mm, Unit Price: 5,50 €, Comparison Price: 0,11 €/m
Product: Stokvis Tapes Basic kangasteippi 48mm x 25m, Unit Price: 4,95 €, Comparison Price: 0,20 €/m
Product: Tesa maalarinteippi Classic 50m x 19mm, Unit Price: 3,80 €, Comparison Price: 0,08 €/m
Product: Stokvis Tapes rakennusteippi 50mm x 33m oranssi, Unit Price: 5,95 €, Comparison Price: 0,18 €/m
Product: Pattex kaksipuoleinen asennusteippi 120kg:lle 1,5m, Unit Price: 9,50 €, Comparison Price: 6,33 €/m
Product: Stokvis Tapes maalarinteippi UV sininen 24mm x 25m, Unit Price: 3,90 €, Comparison Price: 0,16 €/m
Product: Stokvis Tapes Precision maalarinteippi 25mm x 50m, Unit Price: 9,90 €, Comparison Price: 0,20 €/m
Product: Stokvis Tapes UV Pro maalarinteippi 38mm x 50m, Unit Price: 14,95 €, Comparison Price: 
Product: Tesa maalarinteippi Classic 50 m x 50 mm, Unit Price: 8,95 €, Comparison Price: 0,18 €/m
Product: Stokvis Tapes Precision maalarinteippi 25mm x 25m, Unit Price: 5,95 €, Comparison Price: 0,24 €/m
Product: Stokvis Tapes UV Pro maalarinteippi 25mm x 50m, Unit Price: 9,95 €, Comparison Price: 
Product: Stokvis Tapes maalarinteippi UV sininen 35mm x 25m, Unit Price: 5,50 €, Comparison Price: 0,22 €/m
Product: Stokvis Tapes Precision sensitive maalarinteippi 25mm x 50m, Unit Price: 10,50 €, Comparison Price: 0,21 €/m
Product: Tesa Maalarinteippi Professional 25m x 25mm, Unit Price: 6,90 €, Comparison Price: 0,28 €/m
Product: LUX-Tools kangasteippi 50 mm x 10 m, Unit Price: 3,70 €, Comparison Price: 0,37 €/m
Product: Stokvis Tapes Precision maalarinteippi 120pv 50mm x 50m sisäkäyttöön, Unit Price: 15,95 €, Comparison Price: 0,32 €/m
Product: Tesa Maalarinteippi Professional 25m x 38mm, Unit Price: 9,90 €, Comparison Price: 0,40 €/m
Product: Trube Salted Caramel -puusti 2 kpl/180 g suolakaramellitäytteinen pulla, Unit Price: 2,15 €, Comparison Price: 11,94 €/kg
Product: Apetina Original 430/200g välimerelliset juustokuutiot suolaliemessä, Unit Price: 2,89 €, Comparison Price: 14,45 €/kg
Product: 750g Hungry Chef Pizzajauho, 00-vehnäjauhoja, Unit Price: 2,89 €, Comparison Price: 3,85 €/kg
Product: Saarioinen Kinkkupizza 200g, Unit Price: 0,69 €, Comparison Price: 3,45 €/kg
Product: Fresh Hetki Arki Juusto-pastasalaatti 200 g, Unit Price: 2,99 €, Comparison Price: 14,95 €/kg
Product: Erittäin Hieno Suomalainen shampoo 500ml, Unit Price: 2,69 €, Comparison Price: 5,38 €/l
Product: Erittäin Hieno Suomalainen 300ml Shampoo, Unit Price: 1,79 €, Comparison Price: 5,97 €/l
Product: XZ 250ml Mustikka shampoo, Unit Price: 2,89 €, Comparison Price: 11,56 €/l
Product: Erittäin Hieno Suomalainen Mustikkashampoo 300ml, Unit Price: 1,79 €, Comparison Price: 5,97 €/l
Product: LV 250ml shampoo, Unit Price: 3,19 €, Comparison Price: 12,76 €/l
Product: L'Oréal Paris Elvital Multivitamin 2in1 Shampoo Ja Hoitoaine Normaaleille Hiuksille 250ml, Unit Price: 3,15 €, Comparison Price: 12,60 €/l
Product: L'Oréal Paris Elvital Hyaluron Plump shampoo kosteutta kaipaaville hiuksille 400ml, Unit Price: 3,99 €, Comparison Price: 9,98 €/l
Product: Linna Shampoo 400 ml, Unit Price: 2,15 €, Comparison Price: 5,37 €/l
Product: XZ 250ml Teepuu shampoo rasvoittuville hiuksille, Unit Price: 2,89 €, Comparison Price: 11,56 €/l
Product: XZ 250ml Aito Omena shampoo, Unit Price: 2,89 €, Comparison Price: 11,56 €/l
Product: head&shoulders 2in1 Classic Clean 250ml shampoo, Unit Price: 4,29 €, Comparison Price: 17,16 €/l
Product: head&shoulders Classic Clean 250ml shampoo, Unit Price: 3,69 €, Comparison Price: 14,76 €/l
Product: XZ 250ml Persikkanektari sulfaatiton shampoo, Unit Price: 2,89 €, Comparison Price: 11,56 €/l
Product: Erittäin Hieno Suomalainen Tervashampoo 300ml, Unit Price: 1,79 €, Comparison Price: 5,97 €/l
Product: XZ 250ml Aito shampoo normaalit hiukset, Unit Price: 2,89 €, Comparison Price: 11,56 €/l
Product: L'Oréal Paris Elvital Hyaluron Plump shampoo kosteutta kaipaaville hiuksille 250ml, Unit Price: 3,15 €, Comparison Price: 12,60 €/l
Product: L'Oréal Paris Elvital Color-Vive Shampoo värjätyille ja raidoitetuille hiuksille 250ml, Unit Price: 3,15 €, Comparison Price: 12,60 €/l
Product: L'Oréal Paris Elvital Anti-Breakage shampoo kuiville ja katkeileville hiuksille 250ml, Unit Price: 3,15 €, Comparison Price: 12,60 €/l
Product: L'Oréal Paris Elvital Hyaluron Pure shampoo kosteutta kaipaaville hiuksille 250ml, Unit Price: 3,15 €, Comparison Price: 12,60 €/l
Product: XZ 250ml Teho hilseshampoo, Unit Price: 2,89 €, Comparison Price: 11,56 €/l
Product: head&shoulders Apple Fresh 500ml shampoo, Unit Price: 6,95 €, Comparison Price: 13,90 €/l
Product: L'Oréal Paris Elvital Extraordinary Oil Shampoo normaaleille ja kuiville hiuksille 250ml, Unit Price: 3,15 €, Comparison Price: 12,60 €/l
Product: L'Oréal Paris Elvital Dream Length Restoring shampoo pitkille, vaurioituneille hiuksille 250ml, Unit Price: 3,15 €, Comparison Price: 12,60 €/l
Product: L'Oréal Paris Elvital Color-Vive Shampoo värjätyille ja raidoitetuille hiuksille 400ml, Unit Price: 3,99 €, Comparison Price: 9,98 €/l
Product: Pepsi Max virvoitusjuoma 0,25 l, Unit Price: 1,29 €, Comparison Price: 4,56 €/l
Product: NIVEA 25kpl MicellAIR SKIN BREATHE® Cleansing Wipes -puhdistusliinat, Unit Price: 3,35 €, Comparison Price: 0,13 €/kpl
Product: Lumene KIRKAS Kirkastava kasvovesi 200ml, Unit Price: 6,99 €, Comparison Price: 34,95 €/l
Product: Coop banaanijogurtti 150 g, Unit Price: 0,35 €, Comparison Price: 2,33 €/kg
Product: Coop metsämarjajogurtti 150 g, Unit Price: 0,35 €, Comparison Price: 2,33 €/kg
Product: Coop mango-appelsiinijogurtti 150 g, Unit Price: 0,35 €, Comparison Price: 2,33 €/kg
Product: Virtasalmen Viljatuote Vaalea gluteeniton jauhoseos 500g, Unit Price: 3,29 €, Comparison Price: 6,58 €/kg
Product: Valiojogurtti® 200 g mansikka laktoositon, Unit Price: 0,59 €, Comparison Price: 2,95 €/kg
Product: Coop mansikkajogurtti 150 g, Unit Price: 0,35 €, Comparison Price: 2,33 €/kg
Product: Valio kreikkalainen jogurtti 150 g vadelma-granaattiomena laktoositon, Unit Price: 1,24 €, Comparison Price: 8,27 €/kg
Product: Coop päärynä-vaniljajogurtti 150 g, Unit Price: 0,35 €, Comparison Price: 2,33 €/kg
Product: Coop hedelmäjogurtti 150 g, Unit Price: 0,35 €, Comparison Price: 2,33 €/kg
Product: Valiojogurtti® 200 g mustikka laktoositon, Unit Price: 0,59 €, Comparison Price: 2,95 €/kg
Product: Sunnuntai 300g ohukais- ja vohvelijauhe, Unit Price: 1,20 €, Comparison Price: 4,00 €/kg
Product: Valiojogurtti® 200 g banaani laktoositon, Unit Price: 0,59 €, Comparison Price: 2,95 €/kg
Product: Valiojogurtti® 200 g hedelmäpommi laktoositon, Unit Price: 0,59 €, Comparison Price: 2,95 €/kg
Product: Coop vaniljajogurtti 150 g, Unit Price: 0,35 €, Comparison Price: 2,33 €/kg
Product: Valiojogurtti® 1 kg banaani laktoositon, Unit Price: 1,99 €, Comparison Price: 1,99 €/kg
Product: Valiojogurtti® 1 kg hedelmäpommi laktoositon, Unit Price: 1,99 €, Comparison Price: 1,99 €/kg
Product: Valio kreikkalainen jogurtti 150 g raparperi laktoositon kausimaku, Unit Price: 1,24 €, Comparison Price: 8,27 €/kg
Product: Arla Kalinka Vadelma-mustikkajogurtti 150 g vähälaktoosinen., Unit Price: 0,62 €, Comparison Price: 4,13 €/kg
Product: Valio kreikkalainen jogurtti 150 g mustikka-vanilja laktoositon, Unit Price: 1,24 €, Comparison Price: 8,27 €/kg
Product: Valiojogurtti® 200 g mango laktoositon, Unit Price: 0,59 €, Comparison Price: 2,95 €/kg
Product: Arla Luonto+ AB 1 kg AB  vanilja laktoositon jogurtti, Unit Price: 2,49 €, Comparison Price: 2,49 €/kg
Product: Valiojogurtti® 1 kg mansikka laktoositon, Unit Price: 1,99 €, Comparison Price: 1,99 €/kg
Product: Valio Hyvä suomalainen Arki® jogurtti 1 kg mansikka-banaani, Unit Price: 1,48 €, Comparison Price: 1,48 €/kg
Product: Valio kreikkalainen jogurtti 150 g mansikka laktoositon, Unit Price: 1,24 €, Comparison Price: 8,27 €/kg
Product: Valiojogurtti® 1 kg vadelma laktoositon, Unit Price: 1,99 €, Comparison Price: 1,99 €/kg
Product: Valiojogurtti® 1 kg vanilja laktoositon, Unit Price: 1,99 €, Comparison Price: 1,99 €/kg
Product: Saarioinen Kanakeitto 300g, Unit Price: 1,79 €, Comparison Price: 5,97 €/kg
Product: Coop Maksalaatikko Rusinoilla 400g, Unit Price: 1,59 €, Comparison Price: 3,98 €/kg
Product: Savett Disinfecting Wipe kosteuspyyhe ihon desinfiointiin 10kpl, Unit Price: 2,15 €, Comparison Price: 0,22 €/kpl
Product: Fresh Hetki Ruokaisa Satay kanasalaatti 300 g, Unit Price: 4,69 €, Comparison Price: 15,63 €/kg
Product: NIVEA 200ml Refreshing Toner -kasvovesi, Unit Price: 5,65 €, Comparison Price: 28,25 €/l
Product: NG FSC Plate 23cm Elegant Party, Unit Price: 2,59 €, Comparison Price: 0,32 €/kpl
Product: Topz Cleansing Wipes *GOTS* Cosmo, Unit Price: 3,20 €, Comparison Price: 0,21 €/kpl
Product: Jupiter soittokello mini musta, Unit Price: 2,99 €, Comparison Price: 
Product: Xtra kylmäsavulohisiivu 100 g, Unit Price: 3,49 €, Comparison Price: 34,90 €/kg
Product: Saarioinen Lihakaalilaatikko 380g, Unit Price: 3,95 €, Comparison Price: 10,39 €/kg
Product: Kokkikartano Pihvihampurilainen 200g, Unit Price: 3,49 €, Comparison Price: 17,45 €/kg
Product: Putkireiska Putkenavaajaliuos 1 L, Unit Price: 3,19 €, Comparison Price: 3,19 €/l
Product: Piltti Pohjoisen maut 190g Perunamuusia ja lohta lastenateria 8kk, Unit Price: 1,29 €, Comparison Price: 6,79 €/kg
Product: Piltti Pohjoisen maut 190g Perunamuusia ja poronkäristystä lastenateria 1-3v, Unit Price: 1,99 €, Comparison Price: 10,47 €/kg
Product: Piltti Pohjoisen maut 190g Perunamuusia lihapullia ja puolukkaa lastenateria 8kk, Unit Price: 1,29 €, Comparison Price: 6,79 €/kg
Product: Green Planet Astronauts LUOMU kaurasmoothie kiivi-päärynä 100g 5kk+, Unit Price: 1,39 €, Comparison Price: 13,90 €/kg
Product: Piltti 250g Spagetti Bolognese lastenateria 1-3v, Unit Price: 1,49 €, Comparison Price: 5,96 €/kg
Product: Piltti 190g Bataattia ja kanaa lastenateria 6kk, Unit Price: 1,19 €, Comparison Price: 6,26 €/kg
Product: Green Planet Astronauts LUOMU kaurasmoothie mango-bataatti 100g 5kk+, Unit Price: 1,39 €, Comparison Price: 13,90 €/kg
Product: Piltti 125g Bataattia, palsternakkaa ja kesäkurpitsaa lastenateria 4kk, Unit Price: 0,43 €, Comparison Price: 3,44 €/kg
Product: Piltti 190g Peruna-lihavuoka lastenateria 8kk, Unit Price: 1,25 €, Comparison Price: 6,58 €/kg
Product: Piltti 190g Spagettia ja jauhelihakastiketta lastenateria 8kk, Unit Price: 1,25 €, Comparison Price: 6,58 €/kg
Product: Semper Spagetti bolognese 6kk lastenateria 120g, Unit Price: 1,45 €, Comparison Price: 12,08 €/kg
Product: Piltti 190g Tomaattinen makaronilaatikko lastenateria 8kk, Unit Price: 1,25 €, Comparison Price: 6,58 €/kg
Product: Piltti 190g Kasviksia ja broileria lastenateria 8kk, Unit Price: 1,19 €, Comparison Price: 6,26 €/kg
Product: Semper Couscous & kana lastenateria 6kk 120g, Unit Price: 1,45 €, Comparison Price: 12,08 €/kg
Product: Semper Riisiä, kanaa & vihanneksia lastenateria 6kk 120g, Unit Price: 1,45 €, Comparison Price: 12,08 €/kg
Product: Piltti Pohjoisen maut 250g Perunaa ja lohta kermaisessa kastikkeessa lastenateria 1-3v, Unit Price: 1,59 €, Comparison Price: 6,36 €/kg
Product: Piltti Pohjoisen maut 190g Merenkulkijan pasta lastenateria 8kk, Unit Price: 1,35 €, Comparison Price: 7,11 €/kg
Product: Piltti 190g Täysjyväpastaa ja lihaa lastenateria 8kk, Unit Price: 1,19 €, Comparison Price: 6,26 €/kg
Product: Piltti 190g Kasvis-kalkkunapata lastenateria 8kk, Unit Price: 1,25 €, Comparison Price: 6,58 €/kg
Product: Piltti 190g Makaronia ja kanaa tomaattikastikkeessa lastenateria 6kk, Unit Price: 1,15 €, Comparison Price: 6,05 €/kg
Product: Piltti 125g Porkkanaa ja perunaa lastenateria 4kk, Unit Price: 0,42 €, Comparison Price: 3,36 €/kg
Product: Piltti 250g Villinlännenpata lastenateria 1-3v, Unit Price: 1,49 €, Comparison Price: 5,96 €/kg
Product: Green Planet Astronauts LUOMU kaurasmoothie karpalo-banaani 100g 5kk+, Unit Price: 1,39 €, Comparison Price: 13,90 €/kg
Product: Piltti 125g Kasviksia lastenateria 4kk, Unit Price: 0,42 €, Comparison Price: 3,36 €/kg
Product: Valio raejuusto 200 g, Unit Price: 1,45 €, Comparison Price: 7,25 €/kg
Product: Rainbow tomaattimehu 1l, Unit Price: 1,99 €, Comparison Price: 1,99 €/l
Product: Marli Natur Tomaattimehu 100% 1L, Unit Price: 2,65 €, Comparison Price: 2,65 €/l
Product: Biotta Porkkanatäysmehu 1L luomu, Unit Price: 5,85 €, Comparison Price: 5,85 €/l
Product: Voelkel luomupunajuurimehu, maitohappokäytetty, demeter 0,5l, Unit Price: 2,69 €, Comparison Price: 5,38 €/l
Product: Rainbow hedelmä-porkkanatäysmehu 1l, Unit Price: 2,29 €, Comparison Price: 2,29 €/l
Product: Voelkel Möhren Saft demeter 500ml, Unit Price: 2,69 €, Comparison Price: 5,38 €/l
Product: Voelkel Luomutomaattimehu ruususuolalla demeter 0,5l, Unit Price: 2,49 €, Comparison Price: 4,98 €/l
Product: Voelkel Gemüse Balance demeter 750ml, Unit Price: 4,15 €, Comparison Price: 5,53 €/l
Product: Coop hedelmä-porkkanatäysmehu 1 l, Unit Price: 2,29 €, Comparison Price: 2,29 €/l
Product: Coop tomaattitäysmehu 1 l, Unit Price: 1,99 €, Comparison Price: 1,99 €/l
Product: Filos 200g tzatziki, Unit Price: 2,15 €, Comparison Price: 10,75 €/kg
Product: Kotimaista timjami, Unit Price: 1,49 €, Comparison Price: 
Product: Abba ranskalainen sipulisilli 240/120g, Unit Price: 2,00 €, Comparison Price: 16,67 €/kg
Product: Gunry Wet Wipes Aloe vera 10kpl, Unit Price: 0,75 €, Comparison Price: 0,08 €/kpl
Product: Linna Shampoo 400 ml, Unit Price: 2,15 €, Comparison Price: 5,37 €/l
Product: Saarioinen Punajuuri-piparjuurisalaatti 270g, Unit Price: 1,59 €, Comparison Price: 5,89 €/kg
Product: Rainbow 15kpl kosteuspyyhe, Unit Price: 0,89 €, Comparison Price: 0,06 €/kpl
Product: Chef Kalle Vöner-lastu miedossa kastikkeessa 207 g, Unit Price: 2,22 €, Comparison Price: 10,72 €/kg
Product: Lumene HERKKÄ Hellävarainen silmä- ja huulimeikin poistoaine 100ml, Unit Price: 6,75 €, Comparison Price: 67,50 €/l
Product: Kotimaista tilli, Unit Price: 1,29 €, Comparison Price: 
Product: Kivikylän Palvarin Lihapyörykkä 350g, Unit Price: 3,09 €, Comparison Price: 8,83 €/kg
Product: HK Lihapyörykät 360 g, Unit Price: 0,95 €, Comparison Price: 2,64 €/kg
Product: Snellman Kunnon lihapullat 300g, Unit Price: 2,49 €, Comparison Price: 8,30 €/kg
Product: Boltsi Original kaura-siemenpyörykkä 230 g, Unit Price: 2,09 €, Comparison Price: 9,09 €/kg
Product: Saarioinen Kasvispyörykät 230g, Unit Price: 2,75 €, Comparison Price: 11,96 €/kg
Product: Saarioinen Broilerpyörykät 400g, Unit Price: 2,99 €, Comparison Price: 7,48 €/kg
Product: Kivikylän Kot&Go Kanafileepyörykät 300g, Unit Price: 3,09 €, Comparison Price: 10,30 €/kg
Product: MUU Pyörykkä 210 g, Unit Price: 2,95 €, Comparison Price: 14,05 €/kg
Product: Fallero Paahdettu Punajuuri Härkäpapufalafel 210 g, Unit Price: 3,29 €, Comparison Price: 15,67 €/kg
Product: Kivikylän Palvarin Gluteeniton Lihapulla 300 g, Unit Price: 3,09 €, Comparison Price: 10,30 €/kg
Product: Kokkikartano Lihapullat 300g, Unit Price: 3,99 €, Comparison Price: 13,30 €/kg
Product: Boltsi Chili-tomaatti kaura-siemenpyörykkä 230 g, Unit Price: 2,09 €, Comparison Price: 9,09 €/kg
Product: Baba Falafel Original 230g, Unit Price: 3,29 €, Comparison Price: 14,95 €/kg
Product: Kotimaista broileripyörykät 350 g, Unit Price: 2,15 €, Comparison Price: 6,14 €/kg
Product: MUU Arkipyörykkä 210 g, Unit Price: 1,99 €, Comparison Price: 9,48 €/kg
Product: HK Mummon lihapullat 300 g, Unit Price: 2,69 €, Comparison Price: 8,97 €/kg
Product: Kivikylän Palvarin Täytetty Lihapyörykkä sinihomejuusto 300g, Unit Price: 3,09 €, Comparison Price: 10,30 €/kg
Product: Saarioinen Broilerpyörykät 900g, Unit Price: 5,99 €, Comparison Price: 6,66 €/kg
Product: Baba Pyörykkä peruna-kikherne 200g, Unit Price: 2,79 €, Comparison Price: 13,95 €/kg
Product: Kivikylän Palvarin Täytetty Lihapyörykkä Chili 300g, Unit Price: 3,09 €, Comparison Price: 10,30 €/kg
Product: Kivikylän Täytetyt Savujuusto lihapullat 300g, Unit Price: 3,09 €, Comparison Price: 10,30 €/kg
Product: Boltsi Texmex kaura-siemenpyörykkä 230 g, Unit Price: 2,49 €, Comparison Price: 10,83 €/kg
Product: Atria Artesaani Rustiikkinen Lihapulla 250g, Unit Price: 2,69 €, Comparison Price: 10,76 €/kg
Product: MUU Pyörykkä Chili-Vuusto 210 g, Unit Price: 2,95 €, Comparison Price: 14,05 €/kg
Product: Savett Sensitive & Clean uudelleensuljettava kosteuspyyhe 30kpl, Unit Price: 3,29 €, Comparison Price: 0,11 €/kpl
Product: Atria Coleslaw 300g, Unit Price: 2,39 €, Comparison Price: 7,97 €/kg
Product: L'Oréal Paris Elvital Anti-Breakage shampoo kuiville ja katkeileville hiuksille 250ml, Unit Price: 3,15 €, Comparison Price: 12,60 €/l
Product: Sanytol 72kpl Monikäyttöinen desinfiointipyyhe, Unit Price: 3,59 €, Comparison Price: 0,05 €/kpl
Product: Myllärin Hiivaleipäjauho 2 kg, Unit Price: 2,39 €, Comparison Price: 1,20 €/kg
Product: MUU Hodari 100 g, Unit Price: 1,65 €, Comparison Price: 16,50 €/kg
Product: Lumene HERKKÄ Rauhoittava kasvovesi 200ml, Unit Price: 7,49 €, Comparison Price: 37,45 €/l
Product: Twisted oats omena-kinuskipulla tuorepuuroherkku 145g, Unit Price: 0,59 €, Comparison Price: 4,07 €/kg
Product: Kotimaista Coleslaw 350g, Unit Price: 1,85 €, Comparison Price: 5,29 €/kg
Product: Apetit Kotimainen Herne pakaste 200g, Unit Price: 0,85 €, Comparison Price: 4,25 €/kg
Product: Savett Intim kosteuspyyhe 10kpl, Unit Price: 2,15 €, Comparison Price: 0,22 €/kpl
Product: NIVEA 200ml Caring Toner -kasvovesi, Unit Price: 5,65 €, Comparison Price: 28,25 €/l
Product: Foodin Kikhernejauho luomu 350g, Unit Price: 2,49 €, Comparison Price: 7,11 €/kg
Product: Hartwall Novelle Plus C + Kollageeni + Biotiini  0,5 l, Unit Price: 2,45 €, Comparison Price: 4,50 €/l
Product: Valio AURA® e170 g pala, Unit Price: 2,49 €, Comparison Price: 14,65 €/kg
Product: WC Kukka Sininen huuhtelu wc-raikastin 40g, Unit Price: 1,69 €, Comparison Price: 42,25 €/kg
Product: 1kg Hungry Chef Pizzajauho Nascosto Professional "00", Unit Price: 1,95 €, Comparison Price: 1,95 €/kg
Product: Carrefour Soft Q10 Night Cream yövoide 50 ml, Unit Price: 3,65 €, Comparison Price: 73,00 €/l
Product: Molino Spadoni Gran Mugnaio 1kg pizzajauho, Unit Price: 2,49 €, Comparison Price: 2,49 €/kg
Product: Myllärin Pinaattilettujauho 300 g, Unit Price: 1,75 €, Comparison Price: 5,83 €/kg
Product: LV 60ml Korjaava yövoide, Unit Price: 6,05 €, Comparison Price: 100,83 €/l
Product: Smuuti Skin Watermelon Dew Toner Mist suihkutettava kasvovesi 100 ml, Unit Price: 12,95 €, Comparison Price: 129,50 €/l
Product: Kokkikartano Täyteläinen lohikeitto 300g, Unit Price: 2,89 €, Comparison Price: 9,63 €/kg
Product: Mr Muscle 500ml viemärigeeli viemärinavaaja, Unit Price: 3,79 €, Comparison Price: 7,58 €/l
Product: SportMe minijalkapallo 14cm sateenkaari, Unit Price: 4,99 €, Comparison Price: 
Product: Kiilto Koti yleispuhdistusliina Apilankukka 36 kpl, Unit Price: 2,89 €, Comparison Price: 0,08 €/kpl
Product: Myllyn Paras Karamellilettujauho 250g, Unit Price: 1,45 €, Comparison Price: 5,80 €/kg
Product: Jupiter Yleisöljy spray 75ml, Unit Price: 3,99 €, Comparison Price: 53,20 €/l
Product: Järvikylä min30g Ruohosipuli, Unit Price: 1,30 €, Comparison Price: 43,33 €/kg
Product: Garnier Skin Active 2in1 silmämeikinpoistoaine 125ml, Unit Price: 3,85 €, Comparison Price: 30,80 €/l
Product: Saarioinen Tonnikala-pastasalaatti 250g, Unit Price: 2,95 €, Comparison Price: 11,80 €/kg
Product: Oddlygood® Barista kaurajuoma 1 l UHT gluteeniton, Unit Price: 1,99 €, Comparison Price: 1,99 €/l
Product: Oatly iKaffe kaurajuoma 1L, Unit Price: 1,99 €, Comparison Price: 1,99 €/l
Product: Elovena 1l kaurajuoma kahviin, Unit Price: 2,09 €, Comparison Price: 2,09 €/l
Product: Kotimaista Kaurajuoma 1 L UHT, Unit Price: 1,19 €, Comparison Price: 1,19 €/l
Product: Rainbow kaurajuoma 1L, Unit Price: 1,49 €, Comparison Price: 1,49 €/l
Product: Kotimaista Kaurajuoma 1 l gluteeniton, Unit Price: 1,19 €, Comparison Price: 1,19 €/l
Product: Fazer Aito 1l ESL Gluteeniton Kaurajuoma, Unit Price: 1,79 €, Comparison Price: 1,79 €/l
Product: Oatly Kaurajuoma Kevyt 1L, Unit Price: 1,79 €, Comparison Price: 1,79 €/l
Product: Elovena 1l kaurajuoma 1,5%, Unit Price: 1,85 €, Comparison Price: 1,85 €/l
Product: Oatly iKaffe 0,5L, Unit Price: 1,89 €, Comparison Price: 3,78 €/l
Product: Kotimaista kaurajuoma kahviin 1l, Unit Price: 1,49 €, Comparison Price: 1,49 €/l
Product: Fazer Aito Kaurajuoma Barista 1L UHT, Unit Price: 1,99 €, Comparison Price: 1,99 €/l
Product: Oddlygood® Barista kaurajuoma 1 l Delight UHT gluteeniton, Unit Price: 1,99 €, Comparison Price: 1,99 €/l
Product: Elovena 0,5l kaurajuoma kahviin, Unit Price: 1,85 €, Comparison Price: 3,70 €/l
Product: Oatly Kaurajuoma Luomu 1L, Unit Price: 1,49 €, Comparison Price: 1,49 €/l
Product: Oatly Kaurajuoma Suklaa 2,5dl, Unit Price: 0,99 €, Comparison Price: 3,96 €/l
Product: Elovena 1l vanilja&kardemumma kaurajuoma kahviin, Unit Price: 2,95 €, Comparison Price: 2,95 €/l
Product: Oatly iKaffe Chilled 1L, Unit Price: 2,19 €, Comparison Price: 2,19 €/l
Product: Oddlygood® Barista kaurajuoma 0,5 l UHT gluteeniton, Unit Price: 1,69 €, Comparison Price: 3,38 €/l
Product: Oddlygood® Barista kaurajuoma 1 l vanilja UHT gluteeniton, Unit Price: 2,79 €, Comparison Price: 2,79 €/l
Product: Oatly Kaurajuoma Sokeriton 1,5% Rasvaa 1L, Unit Price: 1,79 €, Comparison Price: 1,79 €/l
Product: Juustoportti Kaurajuoma 1 l gluteeniton, Unit Price: 1,69 €, Comparison Price: 1,69 €/l
Product: Elovena 2,5dl kaurajuoma kahviin, Unit Price: 1,29 €, Comparison Price: 5,16 €/l
Product: Oddlygood® Barista kaurajuoma 1 l caramel UHT gluteeniton, Unit Price: 2,79 €, Comparison Price: 2,79 €/l
Product: Lumene KLASSIKKO Syväpuhdistava puhdistusgeeli kaikille ihotyypeille 150ml, Unit Price: 4,15 €, Comparison Price: 27,67 €/l
Product: LV 150ml puhdistusgeeli kasvoille, Unit Price: 4,35 €, Comparison Price: 29,00 €/l
Product: Erisan Hajusteeton Hoitava Puhdistusgeeli 150 ml, Unit Price: 4,69 €, Comparison Price: 31,27 €/l
Product: Smuuti Skin Watermelon Sorbet Balm puhdistusbalmi 100 ml, Unit Price: 15,95 €, Comparison Price: 159,50 €/l
Product: Lumene KLASSIKKO Micellar-puhdistusvesi 200ml, Unit Price: 4,59 €, Comparison Price: 22,95 €/l
Product: Lumene PUHDAS Syväpuhdistava micellar-puhdistusgeeli 150ml, Unit Price: 7,49 €, Comparison Price: 49,93 €/l
Product: LV 150ml Puhdistusvaahto, Unit Price: 6,15 €, Comparison Price: 41,00 €/l
Product: Garnier Skin Active Micellar puhdistusvesi normaalille ja herkälle iholle  400ml, Unit Price: 5,95 €, Comparison Price: 14,88 €/l
Product: Änglamark puhdistusvaahto 150 ml, Unit Price: 3,95 €, Comparison Price: 26,33 €/l
Product: Lumene KIRKAS Kirkastava puhdistusvaahto 150ml, Unit Price: 8,85 €, Comparison Price: 59,00 €/l
Product: Garnier SkinActive Micellar Cleansing Rose Water puhdistusvesi 400ml, Unit Price: 5,95 €, Comparison Price: 14,88 €/l
Product: Lumene HELLÄ Kosteuttava puhdistusvaahto 150 ml, Unit Price: 8,85 €, Comparison Price: 59,00 €/l
Product: Lumene KLASSIKKO Pehmeä Puhdistusmaito 150ml, Unit Price: 4,99 €, Comparison Price: 33,27 €/l
Product: Garnier Skin Active Micellar Oil öljyjä sisältävä puhdistusvesi 400ml, Unit Price: 5,95 €, Comparison Price: 14,88 €/l
Product: Erisan Hajusteeton Syväpuhdistava Puhdistusgeeli 150 ml, Unit Price: 5,09 €, Comparison Price: 33,93 €/l
Product: NIVEA 200ml Caring Cleansing Milk -puhdistusemulsio, Unit Price: 5,60 €, Comparison Price: 28,00 €/l
Product: NIVEA 150ml Refreshing Wash Gel -puhdistusgeeli, Unit Price: 5,19 €, Comparison Price: 34,60 €/l
Product: L300 Cleansing Mousse kuivan ihon puhdistusvaahto 150ml, Unit Price: 6,65 €, Comparison Price: 44,33 €/l
Product: Ziaja puhdistusvaahto kuivalle iholle 150 ml, Unit Price: 5,85 €, Comparison Price: 39,00 €/l
Product: Lumene HELLÄ Kosteuttava puhdistusvoide 150ml, Unit Price: 6,99 €, Comparison Price: 46,60 €/l
Product: NIVEA 150ml Purify Pores Daily Wash Scrub -puhdistusgeeli, Unit Price: 5,69 €, Comparison Price: 37,93 €/l
Product: Neutrogena Clear & Defend Facial Wash puhdistusgeeli 200 ml, Unit Price: 6,85 €, Comparison Price: 34,25 €/l
Product: Smuuti Skin Kiwi Clear Cleansing foam puhdistusvaahto 150 ml, Unit Price: 13,95 €, Comparison Price: 93,00 €/l
Product: Lumene KLASSIKKO Kuoriva puhdistusgeeli 150 ml, Unit Price: 4,95 €, Comparison Price: 33,00 €/l
Product: Neutrogena Clear & Defend+ Liquid Exfoliant kuoriva kasvovesi 125 ml, Unit Price: 9,95 €, Comparison Price: 79,60 €/l
Product: LOTUS Emilia talouspaperi valkoinen 16 rll, Unit Price: 10,95 €, Comparison Price: 0,68 €/kpl
Product: Serla talouspaperi puoliarkki 4rl valkoinen, Unit Price: 3,19 €, Comparison Price: 0,80 €/kpl
Product: Bloks Jääpalat 1,5kg, Unit Price: 0,49 €, Comparison Price: 0,33 €/kg
Product: Jalostaja Lihapyörykät kermakastikkeessa 450g, Unit Price: 4,45 €, Comparison Price: 9,89 €/kg
Product: Myllyn Paras Pizzajauho 1 kg, Unit Price: 2,49 €, Comparison Price: 2,49 €/kg
Product: Xtra mansikkakeitto sokeriton 1l, Unit Price: 1,55 €, Comparison Price: 1,55 €/l
Product: Kokkikartano Paneroitu kalaleike ja muusi 350g, Unit Price: 4,95 €, Comparison Price: 14,14 €/kg
Product: Deroni paprika-tomaattitahna Lutenitsa 265 g, Unit Price: 2,79 €, Comparison Price: 10,53 €/kg
Product: LV 250ml shampoo, Unit Price: 3,19 €, Comparison Price: 12,76 €/l
Product: Mr Muscle Kodin putkimies 1l viemärinavaaja, Unit Price: 3,45 €, Comparison Price: 3,45 €/l
Product: Atria Kunnon Arki Nakkikastike Muusilla 300g, Unit Price: 1,85 €, Comparison Price: 6,17 €/kg
Product: Rainbow 150/105g tonnikalaa paloina auringonkukkaöljyssä, Unit Price: 1,39 €, Comparison Price: 13,24 €/kg
Product: Rainbow putkenavaaja 1 l, Unit Price: 1,45 €, Comparison Price: 1,45 €/l
Product: Luomu Alfalfa Silmusalaatti 110g, Unit Price: 0,99 €, Comparison Price: 9,00 €/kg
Product: Fallero Paahdettu Punajuuri Härkäpapufalafel 210 g, Unit Price: 3,29 €, Comparison Price: 15,67 €/kg
Product: Myllyn Paras Porkkanalettujauho 250g, Unit Price: 1,45 €, Comparison Price: 5,80 €/kg
Product: Saarioinen Vegemakaronilaatikko 350g, Unit Price: 2,05 €, Comparison Price: 5,86 €/kg
Product: Myllyn Paras Lettu- ja vohvelijauho 250g, Unit Price: 1,45 €, Comparison Price: 5,80 €/kg
Product: NIVEA 200ml Derma Skin Clear Toner -kasvovesi, Unit Price: 7,35 €, Comparison Price: 36,75 €/l
Product: Kokkikartano Kiovan kana ja muusi 350g, Unit Price: 4,95 €, Comparison Price: 14,14 €/kg
Product: HoviRuoka 400g/4kpl Lihapiirakka, Unit Price: 1,65 €, Comparison Price: 4,12 €/kg
Product: Chef Kalle Grillattu Döner-lastu miedossa kastikkeessa 205g, Unit Price: 4,25 €, Comparison Price: 20,73 €/kg
Product: Neutrogena Blackhead Eliminating Cleansing Toner kasvovesi 200 ml, Unit Price: 6,85 €, Comparison Price: 34,25 €/l
Product: Mossa YOUTH DEFENCE Restoring yövoide, 50ml, Unit Price: 12,95 €, Comparison Price: 259,00 €/l
Product: XZ 250ml Mustikka shampoo, Unit Price: 2,89 €, Comparison Price: 11,56 €/l
Product: Fazer Kaurainen Riisipiirakka 6kpl 420g, Unit Price: 2,29 €, Comparison Price: 5,45 €/kg
Product: NIVEA 50ml Q10 Anti-Wrinkle Extra Nourish Night Cream -yövoide, Unit Price: 12,95 €, Comparison Price: 259,00 €/l
Product: Kiilto WC biohajoava puhdistussuihke Sitrus 600 ml, Unit Price: 2,19 €, Comparison Price: 3,65 €/l
Product: Fazer Leipurit Suomalainen 00-vehnäjauho 900 g, Unit Price: 1,95 €, Comparison Price: 2,17 €/kg
Product: Xtra WC-puhdistaja 1 l, Unit Price: 1,29 €, Comparison Price: 1,29 €/l
Product: Tesa Maalarinteippi Professional 25m x 38mm, Unit Price: 9,90 €, Comparison Price: 0,40 €/m
Product: Asmara Herkkushop - Mozzarella/tomaatti piirakka - 3x105g, Unit Price: 5,80 €, Comparison Price: 18,41 €/kg
Product: L'Oréal Paris Elvital Dream Length Restoring shampoo pitkille, vaurioituneille hiuksille 250ml, Unit Price: 3,15 €, Comparison Price: 12,60 €/l
Product: Rainbow mäntynestesaippua 1 l, Unit Price: 2,19 €, Comparison Price: 2,19 €/l
Product: XZ 250ml Teho hilseshampoo, Unit Price: 2,89 €, Comparison Price: 11,56 €/l
Product: Rainbow toffeetuutti 120ml/69g, Unit Price: 0,39 €, Comparison Price: 5,65 €/kg
Product: Sun'n Amazing Apple 0,33l, Unit Price: 1,19 €, Comparison Price: 3,15 €/l
Product: Old El Paso Gluteeniton Tortilla 4kpl/215g, Unit Price: 3,99 €, Comparison Price: 18,56 €/kg
Product: WC Kukka Sininen huuhtelu tuplapakkaus wc-raikastin 2x40g, Unit Price: 2,99 €, Comparison Price: 37,38 €/kg
Product: Santa Maria Taco Tubs tacokuoret 8 kpl, 145 g, Unit Price: 3,25 €, Comparison Price: 22,41 €/kg
Product: Tolu 500ml Kylpyhuone puhdistusaine spray, Unit Price: 2,95 €, Comparison Price: 5,90 €/l
Product: Erisan Hajusteeton Uudistava Yövoide 75 ml, Unit Price: 7,59 €, Comparison Price: 101,20 €/l
Product: L'Oréal Paris Elvital Color-Vive Shampoo värjätyille ja raidoitetuille hiuksille 400ml, Unit Price: 3,99 €, Comparison Price: 9,98 €/l
Product: Bakerika Peanut Butter Chocolate Chip keksitaikina 210g, pakaste, Unit Price: 3,49 €, Comparison Price: 16,62 €/kg
Product: Erisan+ Prebioottinen Kasvosuihke 100ml, Unit Price: 9,99 €, Comparison Price: 99,90 €/l
Product: Jalostaja Stroganoff 400g, Unit Price: 5,85 €, Comparison Price: 14,62 €/kg
Product: head&shoulders 2in1 Classic Clean 250ml shampoo, Unit Price: 4,29 €, Comparison Price: 17,16 €/l
Product: Lumene KLASSIKKO Advanced Anti-Age Elvyttävä Yövoide 50ml, Unit Price: 13,90 €, Comparison Price: 278,00 €/l
Product: Sun'n Red Cherry 0,33l, Unit Price: 1,19 €, Comparison Price: 3,15 €/l
Product: Sun'n Cream Soda 0,33l, Unit Price: 0,89 €, Comparison Price: 2,24 €/l
Product: Erisan Hajusteeton Alkoholiton Kasvovesi 200 ml, Unit Price: 4,99 €, Comparison Price: 24,95 €/l
Product: Mutti Polpa hieno tomaattimurska 400g, Unit Price: 1,05 €, Comparison Price: 2,63 €/kg
Product: Kokkikartano Lihamakaronilaatikko 300g, Unit Price: 3,65 €, Comparison Price: 12,17 €/kg
Product: Abba Silliherkku rapumarinoitu silli 220g, Unit Price: 3,79 €, Comparison Price: 17,23 €/kg
Product: Rainbow jätekassi 30l värillinen 25kpl, Unit Price: 1,95 €, Comparison Price: 0,08 €/kpl
Product: Nuts about Nature 100% Maapähkinävoi Smooth 340g, Unit Price: 2,89 €, Comparison Price: 8,50 €/kg
Product: HDPE-Henkselikassi 7kg, 200kpl/rll, Unit Price: 2,95 €, Comparison Price: 0,01 €/kpl
Product: Natuk Hydra Boost 200ml Kosteuttava hoitovesisuihke, Unit Price: 16,25 €, Comparison Price: 81,25 €/l
Product: Kotimaista vapaan kanan munat M10 580g, Unit Price: 2,09 €, Comparison Price: 3,60 €/kg
Product: Kotimaista isot vapaan kanan munat L15 1020 g, Unit Price: 3,79 €, Comparison Price: 3,72 €/kg
Product: Kotimaista Isot vapaan kanan munat L6 408g, Unit Price: 1,49 €, Comparison Price: 3,65 €/kg
Product: Kotimaista vapaan kanan munat omega-3 M6 348 g, Unit Price: 1,85 €, Comparison Price: 5,32 €/kg
Product: Kotimaista vapaan kanan munat M6 348 g, Unit Price: 1,39 €, Comparison Price: 3,99 €/kg
Product: Kultamuna vapaa kananmuna S/M10 530g, Unit Price: 2,15 €, Comparison Price: 4,06 €/kg
Product: Kultamuna vapaa kananmuna M/L15 945g, Unit Price: 3,85 €, Comparison Price: 4,07 €/kg
Product: Laitilan Kanatarha Vapaa L10 680g Vastuullinen valinta, Unit Price: 2,79 €, Comparison Price: 4,10 €/kg
Product: Kieku Vapaan kanan muna L15 1020g, Unit Price: 3,79 €, Comparison Price: 3,72 €/kg
Product: Laitilan Kanatarha Vapaa M10 580g Vastuullinen valinta, Unit Price: 2,35 €, Comparison Price: 4,05 €/kg
Product: Kieku Vapaan kanan muna L4 272g, Unit Price: 1,59 €, Comparison Price: 5,85 €/kg
Product: Satamuna Ruskeita vapaan kanan munia L15 1020g, Unit Price: 4,69 €, Comparison Price: 4,60 €/kg
Product: Kultamuna vapaa kananmuna XL6 468g, Unit Price: 1,99 €, Comparison Price: 4,25 €/kg
Product: Farmimuna 348g M6 Vapaa kananmuna, Unit Price: 1,45 €, Comparison Price: 4,17 €/kg
Product: Laitilan kanatarha GMO-vapaita kananmunia M10 580g, Unit Price: 2,39 €, Comparison Price: 4,12 €/kg
Product: Satamuna Vapaan kanan Camelina munia L6, 408g, Unit Price: 2,35 €, Comparison Price: 5,76 €/kg
Product: Jalostaja Lihapyörykät ruskeakastikkeessa 400g, Unit Price: 3,25 €, Comparison Price: 8,13 €/kg
Product: House sateenvarjo automaattimekanismilla 206H302131, Unit Price: 12,95 €, Comparison Price: 
Product: Rainbow Festival virvoitusjuoma sokeriton 1,5l, Unit Price: 1,85 €, Comparison Price: 0,97 €/l
Product: HoviRuoka 4x115g VEGE Kasvispiirakka, Unit Price: 3,45 €, Comparison Price: 7,50 €/kg
Product: XZ 250ml Aito shampoo normaalit hiukset, Unit Price: 2,89 €, Comparison Price: 11,56 €/l
Product: Paliria riisitäytteinen viininlehtikääryle 280g, Unit Price: 3,95 €, Comparison Price: 14,11 €/kg
Product: Twisted oats suklaabrownie tuorepuuroherkku 145g, Unit Price: 0,59 €, Comparison Price: 4,07 €/kg
Product: Hoviruoka 115g Kasvispiirakka, Unit Price: 0,99 €, Comparison Price: 8,61 €/kg
Product: L300 Pro-Retinol Intense Recovery Night Cream fragrance free hajusteeton yövoide 50ml, Unit Price: 19,75 €, Comparison Price: 395,00 €/l
Product: Garnier SkinActive Hyaluronic Aloe yövoide normaalille iholle 50 ml, Unit Price: 5,95 €, Comparison Price: 119,00 €/l
Product: Kokkikartano Lihapullat 300g, Unit Price: 3,99 €, Comparison Price: 13,30 €/kg
Product: Vastuskuminauha 3 kpl IR97630, Unit Price: 1,99 €, Comparison Price: 0,66 €/kpl
Product: 2x80g/2x42g Lagom Kanafile vedessä, Unit Price: 3,09 €, Comparison Price: 36,79 €/kg
Product: Santa Maria 475g Nacho Chips -maissilastut, Unit Price: 2,99 €, Comparison Price: 6,29 €/kg
Product: Tesa maalarinteippi Classic 50m x 19mm, Unit Price: 3,80 €, Comparison Price: 0,08 €/m
Product: Kalaneuvos Tuore kirjolohifilee, pala B 500 g vak, Unit Price: 10,95 €, Comparison Price: 21,90 €/kg
Product: Stokvis Tapes Basic maalarinteippi 19mm x 50m, Unit Price: 1,80 €, Comparison Price: 0,04 €/m
Product: Rainbow 150/105g tonnikalaa paloina vedessä, Unit Price: 1,29 €, Comparison Price: 12,29 €/kg
Product: Rainbow Spaghetti bolognese 400 g, Unit Price: 2,79 €, Comparison Price: 6,98 €/kg
Product: Mehukatti Sekamehujuomatiiviste 1+3 1,5 L, Unit Price: 4,99 €, Comparison Price: 3,33 €/l
Product: FUN Light vihreän omenan makuinen juomatiiviste 0,5l, Unit Price: 2,59 €, Comparison Price: 4,78 €/l
Product: FUN Light metsämarjanmakuinen juomatiiviste 0,5l, Unit Price: 2,39 €, Comparison Price: 4,38 €/l
Product: FUN Light metsämarjanmakuinen juomatiiviste 1,0l, Unit Price: 4,75 €, Comparison Price: 4,35 €/l
Product: FUN Light mansikanmakuinen juomatiiviste 0,5l, Unit Price: 2,39 €, Comparison Price: 4,38 €/l
Product: Mehukatti Sokeriton Sekamehujuomatiiviste 1+3 1,5 L, Unit Price: 3,49 €, Comparison Price: 2,33 €/l
Product: Rainbow sokeriton vadelman ja mansikan makuinen juomatiiviste 1+7 0,5l, Unit Price: 2,35 €, Comparison Price: 4,30 €/l
Product: FUN Light Ice Tea persikka jääteen makuinen juomatiiviste 0,5l, Unit Price: 2,59 €, Comparison Price: 4,78 €/l
Product: FUN Light mansikan ja raparperin makuinen juomatiiviste 0,5l, Unit Price: 2,59 €, Comparison Price: 4,78 €/l
Product: FUN Light passiohedelmän ja raparperin makuinen juomatiiviste 0,5l, Unit Price: 2,59 €, Comparison Price: 4,78 €/l
Product: FUN Light vadelmanmakuinen juomatiiviste 0,5l, Unit Price: 2,59 €, Comparison Price: 4,78 €/l
Product: Ekströms mansikkainen sekamehutiiviste 0,5l, Unit Price: 5,49 €, Comparison Price: 10,58 €/l
Product: Rainbow sokeriton metsämarjan makuinen juomatiiviste 0,5l, Unit Price: 2,35 €, Comparison Price: 4,30 €/l
Product: Ekströms Vanhan ajan mustaherukkamehutiiviste 0,58l, Unit Price: 6,35 €, Comparison Price: 10,95 €/l
Product: FUN Light karambolan ja passiohedelmän makuinen juomatiiviste 0,5l, Unit Price: 2,59 €, Comparison Price: 4,78 €/l
Product: Rainbow sokeriton karpalon ja mustaherukan makuinen juomatiiviste 1+7 0,5l, Unit Price: 2,35 €, Comparison Price: 4,30 €/l
Product: Rainbow ananaksen, appelsiinin ja passiohedelmän makuinen juomatiiviste 1+7 0,5l, Unit Price: 2,35 €, Comparison Price: 4,30 €/l
Product: Mehukatti Sokeriton Metsämansikkamehujuomatiiviste 1+3 1,5 L, Unit Price: 3,49 €, Comparison Price: 2,33 €/l
Product: ZERoh! Juicy Pineapple Juomatiiviste 0,8l, Unit Price: 4,39 €, Comparison Price: 5,24 €/l
Product: Coop sekajuomatiiviste sokeriton 1+3 1,5l, Unit Price: 3,29 €, Comparison Price: 2,19 €/l
Product: FUN Light kolanmakuinen juomatiiviste 0,5l, Unit Price: 2,59 €, Comparison Price: 4,78 €/l
Product: ZERoh! Mango & Sitruuna Juomatiiviste 0,8l, Unit Price: 4,39 €, Comparison Price: 5,24 €/l
Product: ZERoh! Sitruuna & Lime Juomatiiviste 0,8l, Unit Price: 4,39 €, Comparison Price: 5,24 €/l
Product: Mehukatti Sokeriton Päärynämehujuomatiiviste 1+3 1,5 L, Unit Price: 3,49 €, Comparison Price: 2,33 €/l
Product: Coop vadelma-mansikka juoma 2dl, Unit Price: 0,29 €, Comparison Price: 1,45 €/l
Product: Puffet Vanilja välipalajäätelö 62g/1,1dl, Unit Price: 1,29 €, Comparison Price: 20,81 €/kg
Product: HK Perinteinen lihis 170g, Unit Price: 1,39 €, Comparison Price: 8,18 €/kg
Product: Sun'n Majestic Mango 0,33l, Unit Price: 1,19 €, Comparison Price: 3,15 €/l
Product: head&shoulders Apple Fresh 500ml shampoo, Unit Price: 6,95 €, Comparison Price: 13,90 €/l
Product: Puffet Minttu välipalajäätelö 62g/1,1dl, Unit Price: 1,29 €, Comparison Price: 20,81 €/kg
Product: Coop wc-paperi Nice & Soft 24 rl, Unit Price: 8,39 €, Comparison Price: 0,35 €/kpl
Product: Saarioinen Grahamkasvispiirakka; grahampiirakka kasvistäytteellä 4kpl 280g, Unit Price: 2,89 €, Comparison Price: 10,32 €/kg
Product: Jemma Butter Chicken kanalastuja kastikkeessa 210 g, Unit Price: 1,95 €, Comparison Price: 9,29 €/kg
Product: Rainbow ananaspalat mehussa 227/140g, Unit Price: 0,95 €, Comparison Price: 6,79 €/kg
Product: GoGreen Luomu Kikherneet 380g, Unit Price: 1,59 €, Comparison Price: 6,91 €/kg
Product: Rainbow 415g mansikkatuutit  6kpl, Unit Price: 1,99 €, Comparison Price: 4,80 €/kg
Product: HoviRuoka Vegaaninen pinaattilettu 240g, Unit Price: 2,25 €, Comparison Price: 9,38 €/kg
Product: San Pellegrino Naturali Aranciata Rossa 33cl can, Unit Price: 1,00 €, Comparison Price: 2,58 €/l
Product: L300 Hyaluronic Renewal Anti-Age Night Cream yövoide 50ml, Unit Price: 14,85 €, Comparison Price: 297,00 €/l
Product: Filos riisitäytteinen viininlehtikääryle 280g, Unit Price: 1,64 €, Comparison Price: 5,86 €/kg
Product: Valio kreikkalainen jogurtti 150 g mansikka laktoositon, Unit Price: 0,99 €, Comparison Price: 6,60 €/kg
Product: L'Oréal Paris Age Perfect Night kosteuttava & kiinteyttävä yövoide ikääntyvälle iholle 50ml, Unit Price: 12,95 €, Comparison Price: 259,00 €/l
Product: Saarioinen Silakkalaatikko 350g, Unit Price: 3,29 €, Comparison Price: 9,40 €/kg
Product: NIVEA 50ml Anti-Wrinkle Contouring Night Cream 65+ -yövoide, Unit Price: 5,99 €, Comparison Price: 119,80 €/l
Product: Kivikylän Kot&Go Kanafileepyörykät 300g, Unit Price: 3,09 €, Comparison Price: 10,30 €/kg
Product: Boltsi Chili-tomaatti kaura-siemenpyörykkä 230 g, Unit Price: 2,09 €, Comparison Price: 9,09 €/kg
Product: God Morgon Fruit Crush Omena & raparperi mehujuoma 1 L, Unit Price: 2,55 €, Comparison Price: 2,55 €/l
Product: Pirulo Watermelon limonadijääpuikko 67g/0,73dl, Unit Price: 0,89 €, Comparison Price: 13,28 €/kg
Product: Kotimaista vehnänoras, Unit Price: 0,79 €, Comparison Price: 
Product: House sateenvarjo puoliautomaattisella mekanismilla 206H302111, Unit Price: 9,99 €, Comparison Price: 
Product: Jupiter jalkapumppu kevyt, Unit Price: 7,99 €, Comparison Price: 
Product: NIVEA 50ml Anti-Wrinkle Revitalizing Night Cream 55+ -yövoide, Unit Price: 5,99 €, Comparison Price: 119,80 €/l
Product: Erittäin Hieno Suomalainen Tervashampoo 300ml, Unit Price: 1,79 €, Comparison Price: 5,97 €/l
Product: Tesa maalarinteippi Classic 50 m x 50 mm, Unit Price: 8,95 €, Comparison Price: 0,18 €/m
Product: Bos brands orgaaninen rooibos jäätee persikka 1L PET pullo, Unit Price: 3,69 €, Comparison Price: 3,69 €/l
Product: Jupiter kuormaside 10 mm x 60 cm 2 kpl, Unit Price: 1,99 €, Comparison Price: 1,99 €/pr
Product: Herkku Viipyillen kylmäsavustettu lohiviipale n. 120-150 g, Unit Price: 5,87 €, Comparison Price: 41,90 €/kg
Product: Minijalkapallo koko 2, Unit Price: 6,95 €, Comparison Price: 
Product: Jalostaja Naudanlihavalmiste 400g, Unit Price: 5,15 €, Comparison Price: 12,88 €/kg
Product: HoviRuoka 10x100g Lihapiirakka, Unit Price: 2,49 €, Comparison Price: 2,49 €/kg
Product: Dr Pepper Original virvoitusjuoma muovipullo 0,5 L, Unit Price: 2,35 €, Comparison Price: 4,30 €/l
Product: HK Pikkusen Parempi Makaronilaatikko 300g, Unit Price: 2,99 €, Comparison Price: 9,97 €/kg
Product: Mutti tuplakonsentroitu tomaattipyree 130g, Unit Price: 1,05 €, Comparison Price: 8,08 €/kg
Product: URTEKRAM Luomu Dare to Dream Ageless Yövoide 50 ml, Unit Price: 8,65 €, Comparison Price: 173,00 €/l
Product: Serla Hellä WC-paperi 32rl valkoinen, Unit Price: 14,90 €, Comparison Price: 0,47 €/kpl
Product: Tesa maalarinteippi Classic 50 m x 30 mm, Unit Price: 5,50 €, Comparison Price: 0,11 €/m
Product: Coop Asia kanamakuinen nuudeli 5 x 85 g, Unit Price: 2,69 €, Comparison Price: 6,33 €/kg
Product: Mummon poimutetut ranskanperunat 450 g, pakaste, Unit Price: 1,19 €, Comparison Price: 2,64 €/kg
Product: Järvikylä min30g Basilika, Unit Price: 1,39 €, Comparison Price: 46,33 €/kg
Product: Rainbow hedelmä-porkkanatäysmehu 1l, Unit Price: 2,29 €, Comparison Price: 2,29 €/l
Product: Deroni Paprika-munakoisotahna Ajvar 250 g, Unit Price: 2,99 €, Comparison Price: 11,96 €/kg
Product: Piltti 190g Bataattia ja kanaa lastenateria 6kk, Unit Price: 0,39 €, Comparison Price: 2,05 €/kg
Product: Coop banaanijogurtti 150 g, Unit Price: 0,35 €, Comparison Price: 2,33 €/kg
Product: Voelkel Gemüse Balance demeter 750ml, Unit Price: 4,15 €, Comparison Price: 5,53 €/l
Product: Abba valkosipulisilli 225g, Unit Price: 3,79 €, Comparison Price: 16,84 €/kg
Product: Xtra tomaattimurska 400 g, Unit Price: 0,35 €, Comparison Price: 0,87 €/kg
Product: Piltti 190g Täysjyväpastaa ja lihaa lastenateria 8kk, Unit Price: 1,19 €, Comparison Price: 6,26 €/kg
Product: Jalostaja Lihapullakastike 400g, Unit Price: 3,69 €, Comparison Price: 9,23 €/kg
Product: Jemma Pulled Pork BBQ nyhtöpossua kastikkeessa 210 g, Unit Price: 1,95 €, Comparison Price: 9,29 €/kg
Product: Green Planet Astronauts LUOMU kaurasmoothie karpalo-banaani 100g 5kk+, Unit Price: 0,49 €, Comparison Price: 4,90 €/kg
Product: Sanka-BioskaPlus 20L biojätekassi, Unit Price: 3,29 €, Comparison Price: 0,22 €/kpl
Product: Coop appelsiini-colajuoma 2dl, Unit Price: 0,29 €, Comparison Price: 1,45 €/l
Product: Saimaan Tuore ASC kirjolohifilee 150g, Unit Price: 3,29 €, Comparison Price: 21,93 €/kg
Product: Don Simon 100% tuorepuristettu appelsiinimehu 1L, Unit Price: 4,19 €, Comparison Price: 3,79 €/l
Product: Vileda Ikkunaliina 2 kpl, Unit Price: 4,95 €, Comparison Price: 2,48 €/kpl
Product: Jalostaja Naudan- ja sianlihavalmiste 400g, Unit Price: 3,85 €, Comparison Price: 9,63 €/kg
Product: Valio kreikkalainen jogurtti 150 g mustikka-vanilja laktoositon, Unit Price: 0,99 €, Comparison Price: 6,60 €/kg
Product: Jalostaja Chili con Härkis® 400g, Unit Price: 4,09 €, Comparison Price: 10,23 €/kg
Product: Atria Pippuripihvi ja Pannuperunat 350g, Unit Price: 3,99 €, Comparison Price: 11,40 €/kg
Product: Xtra wc-paperi 8 rll, Unit Price: 1,99 €, Comparison Price: 0,25 €/kpl
Product: Voelkel Möhren Saft demeter 500ml, Unit Price: 2,69 €, Comparison Price: 5,38 €/l
Product: Old El Paso salsa Guacamole Dip 320g, Unit Price: 3,39 €, Comparison Price: 10,59 €/kg
Product: Jemma Vege Gochujang kasvispyörykät kastikkeessa 230 g, Unit Price: 0,99 €, Comparison Price: 4,30 €/kg
Product: Kokkikartano Nakkiperunamuusi 700g, Unit Price: 6,95 €, Comparison Price: 9,93 €/kg
Product: Deli Deli 1350g Säilöttyjä ankankoipia, Unit Price: 22,59 €, Comparison Price: 17,65 €/kg
Product: Rainbow Suklaan- ja vaniljanmakuista jäätelöä, suklaanmakuista kuorrutetta 12% ja karamellisoituja hasselpähkinöitä sisältävä kaakaokoristelu 1,4% vohvelissa 16% 120ml/69g, Unit Price: 0,39 €, Comparison Price: 5,65 €/kg
Product: Rainbow tomaattimurska oregano ja basilika luomu 390 g, Unit Price: 0,83 €, Comparison Price: 2,13 €/kg
Product: Segafredo Caramel Macchiato maitokahvijuoma 235ml vähälaktoosinen RAC, Unit Price: 1,79 €, Comparison Price: 7,62 €/l
Product: Yleispuhdistusliinat 30 kpl vihreä väri, Unit Price: 9,95 €, Comparison Price: 0,33 €/kpl
Product: Fazer Ässä Mix limonadijääpuikko 90g/0.87dl, Unit Price: 1,59 €, Comparison Price: 17,67 €/kg
Product: Sini Vaihtopäällinen ikkunanpesin-kuivaimeen, Unit Price: 6,95 €, Comparison Price: 
Product: HK Kalapaistos 300 g, Unit Price: 2,99 €, Comparison Price: 9,97 €/kg
Product: Marli Natur Tomaattimehu 100% 1L, Unit Price: 2,65 €, Comparison Price: 2,65 €/l
Product: Segafredo Vanilla Espresso+Milk maitokahvijuoma 235ml vähälaktoosinen RAC, Unit Price: 1,25 €, Comparison Price: 5,32 €/l
Product: Atria Metsästäjänpihvi Sienikastikkeella 350g, Unit Price: 3,98 €, Comparison Price: 11,37 €/kg
Product: Rainbow 350g yrttivoipatonki 2kpl pakaste, Unit Price: 1,15 €, Comparison Price: 3,29 €/kg
Product: Rainbow 350g valkosipulivoipatonki 2kpl pakaste, Unit Price: 1,89 €, Comparison Price: 5,40 €/kg
Product: Xtra valkosipulitäytteinen patonki 350 g 2 kpl pakaste, Unit Price: 1,15 €, Comparison Price: 3,29 €/kg
Product: Moilas Gluten-Free Tumma Pyöreä 3 kpl 240 g, kypsä pakaste, Unit Price: 2,85 €, Comparison Price: 11,88 €/kg
Product: Moilas Gluten-Free Kaura100 palaleipä, halkaistu, 4kpl/340g, kypsäpakaste, Unit Price: 2,95 €, Comparison Price: 8,68 €/kg
Product: Elovena 400g gluteenittomat kaura-porkkanasämpylät, pakaste, Unit Price: 3,39 €, Comparison Price: 8,48 €/kg
Product: Porokylän Kaurasydän 4 kpl / 200 g gluteeniton pakaste, Unit Price: 1,99 €, Comparison Price: 9,95 €/kg
Product: Fazer Gluteeniton Kaura-porkkanasämpylä 4kpl 280g, kypsäpakaste, Unit Price: 3,75 €, Comparison Price: 13,39 €/kg
Product: Rainbow Gluteeniton sämpylä 4kpl 320g, pakaste, Unit Price: 3,19 €, Comparison Price: 9,97 €/kg
Product: Moilas Gluten-Free Tumma Leipä 600g viipaloitu pakaste, Unit Price: 5,49 €, Comparison Price: 9,15 €/kg
Product: Moilas Free From Rieska 4 kpl 200 g, kypsä pakaste, Unit Price: 2,99 €, Comparison Price: 14,95 €/kg
Product: Fria Karkea leipä 500g gluteeniton pakaste viipale, Unit Price: 3,39 €, Comparison Price: 6,78 €/kg
Product: Fria Kauraleipä 500g gluteeniton pakaste viipale, Unit Price: 3,39 €, Comparison Price: 6,78 €/kg
Product: Fria Vaalea leipä 500g gluteeniton pakaste viipale x 6, Unit Price: 3,39 €, Comparison Price: 6,78 €/kg
Product: Fria Kuituleipä 500g gluteeniton pakaste viipaloitu, Unit Price: 3,39 €, Comparison Price: 6,78 €/kg
Product: Fria Gluteeniton hotdogsämpylä pakaste 210g/5kpl, Unit Price: 3,25 €, Comparison Price: 15,48 €/kg
Product: Moilas Gluten-Free Aamiaissämpylä 5kpl/400g, pakaste, Unit Price: 5,69 €, Comparison Price: 14,23 €/kg
Product: Moilas 2kpl/160g gluteeniton Hampurilaissämpylä pakaste, Unit Price: 2,99 €, Comparison Price: 18,69 €/kg
Product: Moilas Gluten-Free Kiviarinarieska 3kpl/210g gluteeniton pakaste, Unit Price: 3,89 €, Comparison Price: 18,52 €/kg
Product: Fria Viipaloitu limppu 500g gluteeniton pakaste viipaloitu, Unit Price: 3,39 €, Comparison Price: 6,78 €/kg
Product: Elovena 320g gluteenittomat kaura-myslisämpylät, pakaste, Unit Price: 3,39 €, Comparison Price: 10,59 €/kg
Product: Fazer Gluteeniton Juustosämpylä 3kpl 215g, kypsäpakaste, Unit Price: 3,79 €, Comparison Price: 17,63 €/kg
Product: Moilas Pitaleipä 3kpl/345g gluteeniton pakaste, Unit Price: 4,89 €, Comparison Price: 14,17 €/kg
Product: Ketoinen - Viljaton Sämpylä 4 x 80g, kypsä halkaistu pakaste, Unit Price: 4,99 €, Comparison Price: 15,59 €/kg
Product: Asmara Herkkushop - Feta/pinaatti piirakka - 3x105g, Unit Price: 5,80 €, Comparison Price: 18,41 €/kg
Product: Lumene LÄHDE Kosteuttava Kasvosuihke 50ml, Unit Price: 10,45 €, Comparison Price: 209,00 €/l
Product: Stokvis Tapes maalarinteippi UV sininen 35mm x 25m, Unit Price: 5,50 €, Comparison Price: 0,22 €/m
Product: God Morgon Fruit Crush Appelsiini & mango mehujuoma 1 L, Unit Price: 2,55 €, Comparison Price: 2,55 €/l
Product: Santa Maria Nacho Chips maissilastut 185g, Unit Price: 1,69 €, Comparison Price: 9,14 €/kg
Product: Vileda Turbo Smart poljinsanko-moppisetti, Unit Price: 38,90 €, Comparison Price: 
Product: L'Oréal Paris Triple Active kosteuttava yövoide 50ml, Unit Price: 5,95 €, Comparison Price: 119,00 €/l
Product: Riitan Herkku  Räiskäleet 360g, Unit Price: 2,45 €, Comparison Price: 6,81 €/kg
Product: LUX-Tools kangasteippi 50 mm x 10 m, Unit Price: 3,70 €, Comparison Price: 0,37 €/m
Product: Stokvis Tapes Precision maalarinteippi 25mm x 50m, Unit Price: 9,90 €, Comparison Price: 0,20 €/m
Product: Valiojogurtti® 200 g hedelmäpommi laktoositon, Unit Price: 0,59 €, Comparison Price: 2,95 €/kg
Product: Coop Kanakolmioleipä 150g, Unit Price: 1,58 €, Comparison Price: 10,53 €/kg
Product: Oululainen Reissumies Eväsleipä Klassikko 160g, täytetty täysjyväruisleipä kinkku-juusto-muna, Unit Price: 3,69 €, Comparison Price: 23,06 €/kg
Product: Makula Kana-BBQ wrap 300g, Unit Price: 5,69 €, Comparison Price: 18,97 €/kg
Product: Chef Lundén Kana-caesarpatonki 200g, Unit Price: 3,39 €, Comparison Price: 16,95 €/kg
Product: Coop Kinkku-juustokolmioleipä 150g, Unit Price: 1,58 €, Comparison Price: 10,53 €/kg
Product: Coop Tonnikalakolmioleipä 150g, Unit Price: 1,58 €, Comparison Price: 10,53 €/kg
Product: Makula 300g Kana-Caesar wrap, Unit Price: 5,69 €, Comparison Price: 18,97 €/kg
Product: Makula KINKKU-JUUSTO CIABATTA 270g, Unit Price: 4,39 €, Comparison Price: 16,26 €/kg
Product: Oululainen Reissumies Eväsleipä Chilikana 135g, täytetty täysjyväruisleipä kana-pekoni-chili, Unit Price: 3,69 €, Comparison Price: 27,33 €/kg
Product: MAKULA Kana-caesarciabatta 250g, Unit Price: 4,39 €, Comparison Price: 17,56 €/kg
Product: Makula NAUDANPAISTI-JUUSTO TUMMAPATONKI 270g, Unit Price: 4,39 €, Comparison Price: 16,26 €/kg
Product: Makula Kana-Barbeque Sandwich 225 g, Unit Price: 4,15 €, Comparison Price: 18,44 €/kg
Product: Makula BLT Sandwich 215 g, Unit Price: 4,15 €, Comparison Price: 19,30 €/kg
Product: Oululainen Reissumies Eväsleipä Tosi Tumma Savulohi 130g, täytetty täysjyväruisleipä lohi-punasipuli-remoulade, Unit Price: 3,69 €, Comparison Price: 28,38 €/kg
Product: Makula Naudanpaisti-Cheddar Sandwich 210 g, Unit Price: 4,15 €, Comparison Price: 19,76 €/kg
Product: Coop Salamikolmioleipä 150g, Unit Price: 1,58 €, Comparison Price: 10,53 €/kg
Product: Chef Lundén Chili-Delikaura™-kolmioleipä 150g, Unit Price: 2,09 €, Comparison Price: 13,93 €/kg
Product: Oululainen Reissumies Eväsleipä Kaura Kana-teriyaki 153g, täytetty kauraleipä kana-teriyakimajoneesi-coleslaw, Unit Price: 3,69 €, Comparison Price: 24,12 €/kg
Product: Chef Lundén Kinkku-juustopatonki 200g, Unit Price: 3,39 €, Comparison Price: 16,95 €/kg
Product: Chef Lundén Kana-pekoni wrap 200g, Unit Price: 3,75 €, Comparison Price: 18,75 €/kg
Product: Greendeli Kinkku Maxi Patonki 300 g, Unit Price: 4,19 €, Comparison Price: 13,97 €/kg
Product: Fresh Hetki Arki Kana patonki 160 g, Unit Price: 3,69 €, Comparison Price: 23,06 €/kg
Product: Coop Kinkkukolmioleipä 150g, Unit Price: 1,58 €, Comparison Price: 10,53 €/kg
Product: Fresh Hetki Arki Tonnikalapatonki 160g, Unit Price: 3,69 €, Comparison Price: 23,06 €/kg
Product: Saarioinen Kasvispyörykät 230g, Unit Price: 2,75 €, Comparison Price: 11,96 €/kg
Product: Coop tomaattimurska valkosipuli 400 g, Unit Price: 0,99 €, Comparison Price: 2,47 €/kg
Product: Atria Artesaani Paneroitua Possua Konjakki-Pippurikastikkeella ja Kermaperunat 350g, Unit Price: 4,99 €, Comparison Price: 14,26 €/kg
Product: Stokvis Tapes maalarinteippi UV sininen 24mm x 25m, Unit Price: 3,90 €, Comparison Price: 0,16 €/m
Product: Atria Rahkaohukainen Omena-Kaneli 380g, Unit Price: 2,49 €, Comparison Price: 6,55 €/kg
Product: Valiojogurtti® 1 kg vadelma laktoositon, Unit Price: 1,99 €, Comparison Price: 1,99 €/kg
Product: Elovena 1l kaurajuoma 1,5%, Unit Price: 1,85 €, Comparison Price: 1,85 €/l
Product: Atria Kunnon Arki Kermainen Kanakastike ja Riisi 300g, Unit Price: 1,95 €, Comparison Price: 6,50 €/kg
Product: Kruunu Herkku Luomu pinaattiletut 350g, Unit Price: 4,49 €, Comparison Price: 12,83 €/kg
Product: Atria Artesaani Kanafileetä Paprikavoilla ja Paahdetut Kasvikset 350g, Unit Price: 5,49 €, Comparison Price: 15,69 €/kg
Product: Xtra graavilohiviipaleet 100 g, Unit Price: 3,49 €, Comparison Price: 34,90 €/kg
Product: Rainbow 150g/105g tonnikalaa hiutaleina auringonkukkaöljyssä, Unit Price: 1,39 €, Comparison Price: 13,24 €/kg
Product: 3 Kaveria Vegaaninen Pistaasi jäätelöpuikko 110ml/80g, Unit Price: 2,65 €, Comparison Price: 33,13 €/kg
Product: Piltti 190g Spagettia ja jauhelihakastiketta lastenateria 8kk, Unit Price: 0,95 €, Comparison Price: 5,00 €/kg
Product: Oddlygood® Barista kaurajuoma 1 l caramel UHT gluteeniton, Unit Price: 2,79 €, Comparison Price: 2,79 €/l
Product: Mysoda Verigreippi Sokeriton Virvoitusjuomatiiviste 500ml, Unit Price: 4,29 €, Comparison Price: 8,58 €/l
Product: Semper Spagetti bolognese 6kk lastenateria 120g, Unit Price: 1,45 €, Comparison Price: 12,08 €/kg
Product: Via Chicken Tikka Masala 320 g, Unit Price: 3,95 €, Comparison Price: 12,34 €/kg
Product: Juustoportti Kaurajuoma 1 l gluteeniton, Unit Price: 1,69 €, Comparison Price: 1,69 €/l
Product: Valiojogurtti® 200 g banaani laktoositon, Unit Price: 0,59 €, Comparison Price: 2,95 €/kg
Product: Piltti 190g Kasviksia ja broileria lastenateria 8kk, Unit Price: 0,95 €, Comparison Price: 5,00 €/kg
Product: Valiojogurtti® 1 kg banaani laktoositon, Unit Price: 1,99 €, Comparison Price: 1,99 €/kg
Product: QAP 6Pack LemonLime, Unit Price: 12,95 €, Comparison Price: 2,16 €/kpl
Product: Coop tomaattimurska yrteillä 390 g, Unit Price: 0,99 €, Comparison Price: 2,54 €/kg
Product: Valiojogurtti® 1 kg vanilja laktoositon, Unit Price: 1,99 €, Comparison Price: 1,99 €/kg
Product: Coop tomaattitäysmehu 1 l, Unit Price: 1,99 €, Comparison Price: 1,99 €/l
Product: Green Planet Astronauts LUOMU kaurasmoothie mango-bataatti 100g 5kk+, Unit Price: 0,49 €, Comparison Price: 4,90 €/kg
Product: Saarioinen Lihaperunalaatikko 350g, Unit Price: 2,05 €, Comparison Price: 5,86 €/kg
Product: Kotimaista tilli 30g, Unit Price: 1,19 €, Comparison Price: 39,67 €/kg
Product: Elovena 1l vanilja&kardemumma kaurajuoma kahviin, Unit Price: 2,95 €, Comparison Price: 2,95 €/l
Product: Voelkel Luomutomaattimehu ruususuolalla demeter 0,5l, Unit Price: 2,49 €, Comparison Price: 4,98 €/l
Product: El Taco Truck Tortilla 320g, Unit Price: 0,99 €, Comparison Price: 3,09 €/kg
Product: Elovena 1l kaurajuoma kahviin, Unit Price: 2,09 €, Comparison Price: 2,09 €/l
Product: Hyvä Apaja jäämerensalaatti 200g, Unit Price: 3,89 €, Comparison Price: 19,45 €/kg
Product: Frida astianpesusienen vaihtopää 3 kpl, Unit Price: 2,95 €, Comparison Price: 0,98 €/kpl
Product: Frida astianpesusieni jossa täytettävä kahva pesuaineelle, Unit Price: 3,95 €, Comparison Price: 
Product: Santa Maria White Corn Tortilla small maissitortilla (8-pack) 208g, Unit Price: 2,79 €, Comparison Price: 13,41 €/kg
Product: Oddlygood® Barista kaurajuoma 1 l Delight UHT gluteeniton, Unit Price: 1,99 €, Comparison Price: 1,99 €/l
Product: Valiojogurtti® 200 g mango laktoositon, Unit Price: 0,59 €, Comparison Price: 2,95 €/kg
Product: Biotta Porkkanatäysmehu 1L luomu, Unit Price: 5,85 €, Comparison Price: 5,85 €/l
Product: Valiojogurtti® 200 g mustikka laktoositon, Unit Price: 0,59 €, Comparison Price: 2,95 €/kg
Product: Fazer Liquorice Crunchy jäätelöpuikko 71g/90ml, Unit Price: 1,49 €, Comparison Price: 20,99 €/kg
Product: Coca-Cola Zero Sugar Lime virvoitusjuoma muovipullo 0,5 L, Unit Price: 2,25 €, Comparison Price: 4,10 €/l
Product: SodaStream Pepsi Max 440ml, Unit Price: 5,90 €, Comparison Price: 13,41 €/l
Product: Sini Puhdistusterä, Unit Price: 6,69 €, Comparison Price: 
Product: Friidu jäätelöpuikko Salty Liquorice & Creamy Lemon Swirl 100ml/84g, Unit Price: 2,35 €, Comparison Price: 29,38 €/kg
Product: Valio kreikkalainen jogurtti 150 g vadelma-granaattiomena laktoositon, Unit Price: 0,99 €, Comparison Price: 6,60 €/kg
Product: Piltti 125g Porkkanaa ja perunaa lastenateria 4kk, Unit Price: 0,28 €, Comparison Price: 2,24 €/kg
Product: Fredman suodatinpussi No 4 valkaisematon 180kpl, Unit Price: 2,25 €, Comparison Price: 0,01 €/kpl
Product: Paulig Juhla Mokka Luomu kahvi suodatinjauhatus 400g, Unit Price: 3,49 €, Comparison Price: 8,73 €/kg
Product: Green Planet Astronauts LUOMU kaurasmoothie kiivi-päärynä 100g 5kk+, Unit Price: 0,49 €, Comparison Price: 4,90 €/kg
Product: Piltti 250g Spagetti Bolognese lastenateria 1-3v, Unit Price: 1,49 €, Comparison Price: 5,96 €/kg
Product: Piltti Pohjoisen maut 190g Merenkulkijan pasta lastenateria 8kk, Unit Price: 1,35 €, Comparison Price: 7,11 €/kg
Product: Garnier SkinActive Moisture Bomb kosteuttava kangasnaamio kasvoille 28g, Unit Price: 1,99 €, Comparison Price: 71,07 €/kg
Product: Garnier Skin Active Moisture Bomb kosteuttava kangasnaamio kuivalle ja herkälle iholle 32g, Unit Price: 1,99 €, Comparison Price: 
Product: Garnier SkinActive Vitamin C Sheet Mask Super Hydrating + Brightening kosteuttava ja heleyttävä kangasnaamio 28 g, Unit Price: 1,99 €, Comparison Price: 71,07 €/kg
Product: Beauty of Joseon Centella Asiatica Calming Mask, Unit Price: 2,85 €, Comparison Price: 
Product: Eyenlip 25 ml kangasnaamio Collagen, Unit Price: 1,89 €, Comparison Price: 
Product: Lumene HELLÄ Kosteuttava kangasnaamio 1 kpl, Unit Price: 4,05 €, Comparison Price: 
Product: Lumene ANTI-AGE Silottava kangasnaamio 1 kpl, Unit Price: 4,95 €, Comparison Price: 
Product: Esfolio Pure Skin Hyaluronic Acid kangasnaamio, Unit Price: 1,69 €, Comparison Price: 
Product: Eyenlip 25 ml kangasnaamio Aloe Vera, Unit Price: 1,89 €, Comparison Price: 
Product: Etanaseerumia sisältävä kangasnaamio, Unit Price: 1,89 €, Comparison Price: 75,60 €/l
Product: Eyenlip 25 ml kangasnaamio Hyaluronic Acid, Unit Price: 1,89 €, Comparison Price: 
Product: A'PIEU Icing Sweet Bar kosteuttava kangasnaamio vesimeloni 1 kpl, Unit Price: 1,25 €, Comparison Price: 
Product: Esfolio Pure skin Vitamin C kangasnaamio, Unit Price: 1,69 €, Comparison Price: 
Product: Garnier SkinActive Hyaluronic Cryo Jelly Sheet Mask kangasnaamio 27g, Unit Price: 1,99 €, Comparison Price: 73,70 €/kg
Product: Lumene KIRKAS Kirkastava kangasnaamio1 kpl, Unit Price: 4,05 €, Comparison Price: 
Product: Esfolio Pure Skin Watermelon kangasnaamio, Unit Price: 1,69 €, Comparison Price: 
Product: Lumene HERKKÄ Rauhoittava kangasnaamio 1 kpl, Unit Price: 4,05 €, Comparison Price: 
Product: Smuuti Skin Watermelon Dew Seerumi 30 ml, Unit Price: 13,95 €, Comparison Price: 465,00 €/l
Product: Garnier Skin Active Moisture Bomb Eye Tissue Mask Orange Juice silmänalusnaamio, silmäpusseista vähemmän näkyvät 6g, Unit Price: 1,99 €, Comparison Price: 
Product: Holika Holika Pure Essence Damask Rose kangasnaamio 20ml, Unit Price: 2,15 €, Comparison Price: 
Product: Montagne Jeunesse 7th Heaven Charcoal + Black Clay peel-off kasvonaamio 10ml, Unit Price: 1,89 €, Comparison Price: 189,00 €/l
Product: Hiiltä sisältävä kangasnaamio, Unit Price: 1,89 €, Comparison Price: 75,60 €/l
Product: A'Pieu Chocolate Milk One-Pack, Unit Price: 1,25 €, Comparison Price: 
Product: Stay WELL Classic Mask Aloe Moisturizing, Unit Price: 0,99 €, Comparison Price: 
Product: Kotimaista Kaurajuoma 1 L UHT, Unit Price: 0,79 €, Comparison Price: 0,79 €/l
Product: Rainbow 300g appelsiinimarmeladi, Unit Price: 1,31 €, Comparison Price: 4,37 €/kg
Product: Rainbow 300g aprikoosimarmeladi, Unit Price: 1,95 €, Comparison Price: 6,50 €/kg
Product: Rainbow 300g omenamarmeladi, Unit Price: 1,39 €, Comparison Price: 4,63 €/kg
Product: Rainbow 300g mansikkamarmeladi, Unit Price: 1,99 €, Comparison Price: 6,63 €/l
Product: Rainbow 300g vadelmamarmeladi paistonkestävä, Unit Price: 2,39 €, Comparison Price: 7,97 €/kg
Product: Filos 370g kreikkalainen appelsiinimarmeladi, Unit Price: 2,75 €, Comparison Price: 7,43 €/kg
Product: Saarioinen Appelsiinimarmeladi 230g, Unit Price: 1,59 €, Comparison Price: 6,91 €/kg
Product: Saarioinen Omenamarmeladi 230g, Unit Price: 1,65 €, Comparison Price: 7,17 €/kg
Product: Filos Deluxe 240g viikuna erikoishillo, Unit Price: 2,29 €, Comparison Price: 9,54 €/kg
Product: Filos Deluxe 240g appelsiinimarmeladi, Unit Price: 2,09 €, Comparison Price: 8,71 €/kg
Product: Filos 370g kreikkalainen kirsikkamarmeladi, Unit Price: 2,69 €, Comparison Price: 7,27 €/kg
Product: Saarioinen Aprikoosimarmeladi 230g, Unit Price: 1,85 €, Comparison Price: 8,04 €/kg
Product: Filos 370g kreikkalainen aprikoosimarmeladi, Unit Price: 2,69 €, Comparison Price: 7,27 €/kg
Product: Bonne Maman 370g Appelsiinimarmeladi, Unit Price: 3,69 €, Comparison Price: 9,97 €/kg
Product: Herkkumaa Appelsiinimarmeladi 450g, Unit Price: 3,09 €, Comparison Price: 6,87 €/kg
Product: Saarioinen Vadelmamarmeladi 230g, Unit Price: 2,59 €, Comparison Price: 11,26 €/kg
Product: Mrs Darlington`s Appelsiinimarmeladi 340g, Unit Price: 4,16 €, Comparison Price: 12,24 €/kg
Product: Saarioinen Mansikkamarmeladi 230g, Unit Price: 2,19 €, Comparison Price: 9,52 €/kg
Product: Hommanäs Omena-kanelihyytelö 80 % 125 g, Unit Price: 2,48 €, Comparison Price: 19,84 €/kg
Product: Fazer Pihlaja 280 g hedelmävalmiste, Unit Price: 3,99 €, Comparison Price: 14,25 €/kg
Product: Fazer Vihreitä Kuulia 280 g päärynävalmiste, Unit Price: 3,99 €, Comparison Price: 14,25 €/kg
Product: LV 15ml Silmänympärysvoide, Unit Price: 5,85 €, Comparison Price: 390,00 €/l
Product: Lumene KLASSIKKO Kosteuttava silmänympärysvoide 15ml, Unit Price: 5,65 €, Comparison Price: 376,67 €/l
Product: Lumene KLASSIKKO Tasoittava silmänympärysvoide 15ml, Unit Price: 9,25 €, Comparison Price: 616,67 €/l
Product: NIVEA 15ml Q10 Power Anti-Wrinkle Firming Eye Cream -silmänympärysvoide, Unit Price: 12,95 €, Comparison Price: 863,33 €/l
Product: Lumene KLASSIKKO Rauhoittava silmänympärysvoide 15 ml, Unit Price: 6,55 €, Comparison Price: 436,67 €/l
Product: URTEKRAM Luomu Fragrance Free Hellävarainen Silmänympärysvoide 15ml, Unit Price: 6,65 €, Comparison Price: 443,33 €/l
Product: Akro miniharja 1kpl, Unit Price: 1,99 €, Comparison Price: 
Product: Beauty of Joseon Revive Eye Serum: Ginseng + Retinal, Unit Price: 19,95 €, Comparison Price: 665,00 €/l
Product: L'Oréal Paris Revitalift ryppyjä silottava ja ihoa kiinteyttävä silmänympärysvoide 15ml, Unit Price: 8,95 €, Comparison Price: 596,67 €/l
Product: L300 Hyaluronic Renewal Anti-Age Eye Cream silmänympärysvoide 15ml, Unit Price: 14,85 €, Comparison Price: 990,00 €/l
Product: Mossa YOUTH DEFENCE Restoring silmänympärysvoide, 15ml, Unit Price: 13,25 €, Comparison Price: 883,33 €/l
Product: Erisan+ Prebioottinen Silmänympärysvoide 15ml, Unit Price: 14,95 €, Comparison Price: 996,67 €/l
Product: Taika Silmänympärysvoide ECO 15ml, Unit Price: 8,95 €, Comparison Price: 596,67 €/l
Product: Nectar of Bio moisturizing eye contour silmänympärysvoide 15 ml, Unit Price: 3,95 €, Comparison Price: 263,33 €/l
Product: Erisan Hajusteeton Uudistava Silmänympärysvoide 15 ml, Unit Price: 7,59 €, Comparison Price: 506,00 €/l
Product: NIVEA 15ml Cellular Luminous630 Anti Dark-Spot Eye Treatment -silmänympärysvoide, Unit Price: 26,85 €, Comparison Price: 1790,00 €/l
Product: L300 Pro-Retinol Firming Eye & Lip Cream fragrance free hajusteeton voide silmien ja huulien ympärillä olevalle iholle 15ml, Unit Price: 19,75 €, Comparison Price: 1316,67 €/l
Product: L'Oréal Paris Age Perfect Golden Age silmänympärysvoide ikääntyvälle iholle 15ml, Unit Price: 13,95 €, Comparison Price: 930,00 €/l
Product: Lumene LUMO Silottava & kiinteyttävä silmänympärysvoide 15 ml, Unit Price: 26,50 €, Comparison Price: 1766,67 €/l
Product: Lumene LÄHDE Kosteuttava Silmänympärysgeeli 15ml, Unit Price: 21,95 €, Comparison Price: 1463,33 €/l
Product: Lumene VALO Heleyttävä silmänympärysvoide 15 ml, Unit Price: 24,95 €, Comparison Price: 1663,33 €/l
Product: Lumene LUMO Kimmoisuutta lisäävä silmänympärysseerumi 10ml, Unit Price: 26,50 €, Comparison Price: 2650,00 €/l
Product: Semper Couscous & kana lastenateria 6kk 120g, Unit Price: 1,45 €, Comparison Price: 12,08 €/kg
Product: Lumene VALO Heleyttävä silmänympärysseerumi 10 ml, Unit Price: 24,95 €, Comparison Price: 2495,00 €/l
Product: Lumene HERKKÄ Rauhoittava & ravitseva silmänympärysvoide 15 ml, Unit Price: 23,95 €, Comparison Price: 1596,67 €/l
Product: Natuk Skin Recovery 15ml Ravitseva Silmänympärysvoide, Unit Price: 19,85 €, Comparison Price: 1323,33 €/l
Product: Rummo Perunagnocchi 500g, Unit Price: 2,49 €, Comparison Price: 4,98 €/kg
Product: Coop Gnocchi perunapasta 500 g, Unit Price: 1,69 €, Comparison Price: 3,38 €/kg
Product: Myllyn Paras Simpukkapasta 500 g, Unit Price: 1,09 €, Comparison Price: 2,18 €/kg
Product: Rummo Perunagnocchetti 500g, Unit Price: 2,49 €, Comparison Price: 4,98 €/kg
Product: Barilla Collezione Cannelloni durumvehnästä valmistettu pasta 250g, Unit Price: 2,99 €, Comparison Price: 11,96 €/kg
Product: Pasta Montegrappa Tortellini kinkkutäytteellä 250g, Unit Price: 1,39 €, Comparison Price: 5,56 €/kg
Product: Pap Star Kakkukynttilä 24kpl, Unit Price: 0,79 €, Comparison Price: 0,03 €/kpl
Product: Bolsius True Scents – huonetuoksu – Vanilla – 60 ml, Unit Price: 3,95 €, Comparison Price: 65,83 €/l
Product: Rainbow iso öljykynttilä 110 h, Unit Price: 1,75 €, Comparison Price: 
Product: Carrefour kakkukynttilä valkoinen 20 kpl, Unit Price: 1,15 €, Comparison Price: 0,06 €/kpl
Product: Bolsius True Scents – huonetuoksu – Fresh Cotton – 60 ml, Unit Price: 3,95 €, Comparison Price: 65,83 €/l
Product: Bolsius True Scents – huonetuoksu – Granaattiomena – 60 ml, Unit Price: 3,95 €, Comparison Price: 65,83 €/l
Product: Bolsius Iso lyhtykynttilä 7 Valkoinen, Unit Price: 3,29 €, Comparison Price: 
Product: Rainbow pieni öljykynttilä 5 kpl 48-50 h, Unit Price: 3,95 €, Comparison Price: 0,79 €/kpl
Product: Laitilan Kanatarha Vapaa L10 680g Vastuullinen valinta, Unit Price: 2,79 €, Comparison Price: 4,10 €/kg
Product: Rainbow öljykynttilä pieni 2kpl, Unit Price: 1,99 €, Comparison Price: 1,00 €/kpl
Product: Amscan kakkukynttilä kullanvärinen 10kpl, Unit Price: 2,05 €, Comparison Price: 0,21 €/kpl
Product: Carrefour kakkukynttilä sininen 20 kpl, Unit Price: 1,15 €, Comparison Price: 0,06 €/kpl
Product: Rainbow iso öljykynttilä 5 kpl 110 h, Unit Price: 7,55 €, Comparison Price: 1,51 €/kpl
Product: Bolsius True Scents – huonetuoksu – Mango – 60 ml, Unit Price: 3,95 €, Comparison Price: 65,83 €/l
Product: Onnea kynttilä, Unit Price: 3,25 €, Comparison Price: 
Product: Havi kakkukynttilä 95mm 10kpl 1/4 h, Unit Price: 4,15 €, Comparison Price: 0,42 €/kpl
Product: Amscan kakkukynttilä hopeanvärinen 10kpl, Unit Price: 2,05 €, Comparison Price: 0,21 €/kpl
Product: Bolsius Pieni öljykynttilä Valkoinen, Unit Price: 0,95 €, Comparison Price: 
Product: Bolsius tuoksutikut 60ml true scents peach, Unit Price: 3,95 €, Comparison Price: 65,83 €/l
Product: Bolsius Iso öljykynttilä Valkoinen, Unit Price: 1,85 €, Comparison Price: 
Product: Kakkukynttilät ja pidikkeet 10 kpl kulta/mustavalkoinen, Unit Price: 4,75 €, Comparison Price: 0,48 €/kpl
Product: Huonetuoksu Freedom Breath 100ml, 5 rottinki tikut, Unit Price: 5,25 €, Comparison Price: 52,50 €/l
Product: Bolsius True Scents – huonetuoksu – Lavender – 60 ml, Unit Price: 3,95 €, Comparison Price: 65,83 €/l
Product: Huonetuoksu 100ml, 5 rottinki tikut, Unit Price: 5,25 €, Comparison Price: 52,50 €/l
Product: Havi kevät lahjapakkaus 1kpl (sis. kynttilät ja lautasliinat), Unit Price: 12,90 €, Comparison Price: 3,23 €/kpl
Product: Paulig Presidentti kahvi suodatinjauhatus 500g, Unit Price: 4,50 €, Comparison Price: 9,00 €/kg
Product: Labello 2x4,8g Original -huulivoide, Unit Price: 3,49 €, Comparison Price: 349,00 €/kg
Product: Klöver Vaseliini 40g, Unit Price: 2,00 €, Comparison Price: 50,00 €/kg
Product: Blistex Sensitive huulivoide 4,25g, Unit Price: 1,85 €, Comparison Price: 462,50 €/kg
Product: Blistex Protect Plus huulivoide 4,25g, Unit Price: 2,75 €, Comparison Price: 687,50 €/kg
Product: Blistex Medilip huulivoide 2x4,25g, Unit Price: 2,75 €, Comparison Price: 343,75 €/kg
Product: Labello 4,8g Strawberry Shine -huulivoide, Unit Price: 2,15 €, Comparison Price: 430,00 €/kg
Product: Vaseline 20g Lip Therapy Original, Unit Price: 1,45 €, Comparison Price: 72,50 €/kg
Product: Labello 4,8g Original -huulivoide, Unit Price: 2,09 €, Comparison Price: 418,00 €/kg
Product: Vaseline 20g Lip Therapy Aloe, Unit Price: 1,45 €, Comparison Price: 72,50 €/kg
Product: Vaseline Lip Therapy Rosy Lips huulivoide 7g, Unit Price: 2,99 €, Comparison Price: 427,14 €/kg
Product: Blistex Lip Relief Cream hoitava huulivoide 6ml, Unit Price: 2,75 €, Comparison Price: 458,33 €/l
Product: Labello 4,8g Soft Rosé -huulivoide, Unit Price: 2,25 €, Comparison Price: 450,00 €/kg
Product: Labello 4,8g Sun Protect SK30 -huulivoide, Unit Price: 3,39 €, Comparison Price: 678,00 €/kg
Product: Carmex Original huulivoidepuikko 4,25g, Unit Price: 2,59 €, Comparison Price: 647,50 €/kg
Product: Blistex Lip Infusions Hydration huulivoide 3,7g, Unit Price: 2,85 €, Comparison Price: 712,50 €/kg
Product: CARMEX Huulivoidepurkki 7,5g, Unit Price: 2,59 €, Comparison Price: 323,75 €/kg
Product: Smuuti Skin Watermelon Lip Mask huulinaamio 15 ml, Unit Price: 7,95 €, Comparison Price: 530,00 €/l
Product: Labello 4,8g Active For Men SK15 -huulivoide, Unit Price: 3,19 €, Comparison Price: 638,00 €/kg
Product: Blistex Sensitive Mint Melon huulivoide 4,25g, Unit Price: 1,95 €, Comparison Price: 487,50 €/kg
Product: Blistex Jojoba Rescue huulivoide 3,7g, Unit Price: 2,95 €, Comparison Price: 737,50 €/kg
Product: Carmex Huulivoidetuubi 10g, Unit Price: 2,59 €, Comparison Price: 259,00 €/kg
Product: Labello 4,8g Hydro Care SK15 -huulivoide, Unit Price: 3,09 €, Comparison Price: 618,00 €/kg
Product: Vaseline Klöver huulivoide 4,8g, Unit Price: 2,35 €, Comparison Price: 489,58 €/kg
Product: Blistex Medilip huulivoide 4,25g, Unit Price: 1,79 €, Comparison Price: 447,50 €/kg
Product: Glade Touch & Fresh 10ml fresh lemon täyttöpakkaus, Unit Price: 1,99 €, Comparison Price: 199,00 €/l
Product: Glade 300 ml 5in1 Fresh Lemon aerosoli, Unit Price: 3,19 €, Comparison Price: 10,63 €/l
Product: Fazer Dumle Snacks kermajäätelöpuikko 53g/0.8dl, Unit Price: 1,95 €, Comparison Price: 36,79 €/kg
Product: Glade 5in1 300ml relaxing zen ilmanraikastin, Unit Price: 3,19 €, Comparison Price: 10,63 €/l
Product: Glade Touch & Fresh 10ml relaxing zen ilmanraikastintäyttö, Unit Price: 1,99 €, Comparison Price: 199,00 €/l
Product: Glade 5in1 300ml Romantic Vanilla Blossom ilmanraikastin, Unit Price: 3,19 €, Comparison Price: 10,63 €/l
Product: Glade 10ml Touch & Fresh Pure Clean Linen ilmanraikastintäyttö, Unit Price: 1,99 €, Comparison Price: 199,00 €/l
Product: Glade One Touch & Fresh 10ml Peony&Cherry ilmanraikastin täyttöpakkaus, Unit Price: 1,99 €, Comparison Price: 199,00 €/l
Product: Rainbow Croissants 330g raakapakaste, Unit Price: 2,99 €, Comparison Price: 9,06 €/kg
Product: Rainbow ilmanraikastaja Citrus täyttöpakkaus 3x15ml, Unit Price: 2,09 €, Comparison Price: 46,44 €/l
Product: Rainbow 350g yrttivoipatonki 2kpl pakaste, Unit Price: 1,15 €, Comparison Price: 3,29 €/kg
Product: Airwick geeli morning rain od.stop, Unit Price: 2,39 €, Comparison Price: 15,93 €/kg
Product: Rainbow 350g valkosipulivoipatonki 2kpl pakaste, Unit Price: 1,89 €, Comparison Price: 5,40 €/kg
Product: IBA 75ml CORAL REEF Pyramid ilmanraikastin, Unit Price: 2,89 €, Comparison Price: 38,53 €/l
Product: Myllyn Paras Pyöreä Piirakkataikina suolainen 380g, Unit Price: 1,89 €, Comparison Price: 4,97 €/kg
Product: Rainbow 150g ilmanraikastin Ocean, Unit Price: 1,59 €, Comparison Price: 10,60 €/kg
Product: Xtra valkosipulitäytteinen patonki 350 g 2 kpl pakaste, Unit Price: 1,15 €, Comparison Price: 3,29 €/kg
Product: IBA 75ml COTTON FRESH & WHITE LILAC Pyramid Ilmanraikastin, Unit Price: 2,89 €, Comparison Price: 38,53 €/l
Product: Rainbow Cocktailpiirakka 15kpl 675g, raakapakaste, Unit Price: 1,99 €, Comparison Price: 2,95 €/kg
Product: Airwick Aerosol Lavender 300ML, Unit Price: 3,19 €, Comparison Price: 10,63 €/l
Product: Kotimaista mutakakku 400 g, Unit Price: 3,49 €, Comparison Price: 8,73 €/kg
Product: Airwick Freshmatic Duopack Freesia & Jasmin täyttö 2x250ML, Unit Price: 7,99 €, Comparison Price: 15,98 €/l
Product: Vaasan Kotiuunin Minicroissant 12x30g, Unit Price: 3,39 €, Comparison Price: 9,42 €/kg
Product: Airwick Freshmatic täyttö Soft Cotton 250ml, Unit Price: 5,49 €, Comparison Price: 21,96 €/l
Product: Rainbow Riisipiirakka 9x80g pakaste, Unit Price: 1,49 €, Comparison Price: 2,07 €/kg
Product: Vaasan Kotiuunin Munkkirinkeli 8x45g pakaste, Unit Price: 3,89 €, Comparison Price: 10,81 €/kg
Product: Airwick Freshmatic täyttö Mystical Garden 250ml, Unit Price: 5,49 €, Comparison Price: 21,96 €/l
Product: Vaasan Kotiuunin Vadelmasydän 8x45g pakaste vadelma-omenatäytteinen munkki, Unit Price: 3,89 €, Comparison Price: 10,81 €/kg
Product: Airwick 2kpl Stick Up Citrus ilmanraikastin, Unit Price: 3,69 €, Comparison Price: 1,85 €/kpl
Product: Bakerika Salted Chocolate Chip keksitaikina 210g, pakaste, Unit Price: 3,49 €, Comparison Price: 16,62 €/kg
Product: Glade Touch & Fresh 10ml fresh lemon ilmanraikastin, Unit Price: 2,99 €, Comparison Price: 299,00 €/l
Product: Rainbow gluteeniton riisipiirakka 6 kpl/360 g pakaste, Unit Price: 3,69 €, Comparison Price: 10,25 €/kg
Product: Airwick Aerosol Magnolia & Cherry blossom 300ML, Unit Price: 3,19 €, Comparison Price: 10,63 €/l
Product: Myllyn Paras Pyöreä Piirakkataikina makea 380g pakaste, Unit Price: 1,89 €, Comparison Price: 4,97 €/kg
Product: Glade 180g Sandalwood & Jasmine Hyytelö, Unit Price: 3,49 €, Comparison Price: 19,39 €/kg
Product: Kotimaista 400 g piirakkataikina pakaste laktoositon, maidoton, Unit Price: 2,09 €, Comparison Price: 5,23 €/kg
Product: Sanytol 400ml Monikäyttöinen puhdistus- ja desinfiointisuihke, Unit Price: 4,59 €, Comparison Price: 11,48 €/l
Product: Fazer Pizzataikina 4kpl 600g raakapakaste, Unit Price: 2,65 €, Comparison Price: 4,42 €/kg
Product: Glade 180g Cherry & Peony Hyytelö, Unit Price: 3,49 €, Comparison Price: 19,39 €/kg
Product: Vöner Köftis 390g, Unit Price: 3,99 €, Comparison Price: 10,23 €/kg
Product: Rainbow ilmanraikastaja Citrus 3x15ml, Unit Price: 2,55 €, Comparison Price: 56,67 €/l
Product: Fazer Omar -munkki 12kpl 1200g, kypsäpakaste, Unit Price: 14,95 €, Comparison Price: 12,46 €/kg
Product: Airwick Essential Mist Lavender Täyttö 20ML, Unit Price: 4,99 €, Comparison Price: 249,50 €/l
Product: Myllyn Paras Lehtitaikinalevyjä 500g pakaste, Unit Price: 1,59 €, Comparison Price: 3,18 €/kg
Product: Fazer Vuoksen Riisipiirakka 15kpl 750g, raakapakaste, Unit Price: 3,99 €, Comparison Price: 5,32 €/kg
Product: Fazer Fazerina -kakku 380g, kypsäpakaste, Unit Price: 8,29 €, Comparison Price: 21,82 €/kg
Product: Fazer Mokkapalamunkki 12kpl 1296g, kypsäpakaste, Unit Price: 14,95 €, Comparison Price: 11,54 €/kg
Product: Poppies Trio minidonitsit 9 kpl 250 g, Unit Price: 3,49 €, Comparison Price: 12,64 €/kg
Product: Dr. Oetker Ristorante Piccolissima Tre Fromaggi pakasteminipizzat 216g, Unit Price: 3,89 €, Comparison Price: 18,01 €/kg
Product: Kultamuna vapaa kananmuna XL6 468g, Unit Price: 1,99 €, Comparison Price: 4,25 €/kg
Product: Haribo Push-Up Jäätelö 85ml/62g, Unit Price: 1,65 €, Comparison Price: 26,61 €/kg
Product: Fazer Domino Fun Avec herkuttelukeksi 120 g, Unit Price: 2,39 €, Comparison Price: 19,92 €/kg
Product: Fazer Doris Tryffeli täytekeksi 250g, Unit Price: 3,45 €, Comparison Price: 13,80 €/kg
Product: Fazer Domino Fun Dumle herkuttelukeksi 120g, Unit Price: 2,39 €, Comparison Price: 19,92 €/kg
Product: Nora Disco Bits 200g, Unit Price: 2,39 €, Comparison Price: 11,95 €/kg
Product: Carrefour Selection Meringues Noisettes Coco Sur lit de chocolat au lait maitosuklaa-hasselpähkinä marenkikeksi 100 g, Unit Price: 2,39 €, Comparison Price: 23,90 €/kg
Product: Carrefour Selection Douceur d'Amandes Sur lit de chocolat suklaa-mantelikeksi 100 g, Unit Price: 2,79 €, Comparison Price: 27,90 €/kg
Product: Pocky Keksitikku Milky Matcha 33g, Unit Price: 2,69 €, Comparison Price: 81,52 €/kg
Product: Pepero Keksitikku Crunky 39g, Unit Price: 2,59 €, Comparison Price: 66,41 €/kg
Product: Pepero Keksitikku Almond & Chocolate 32g, Unit Price: 2,59 €, Comparison Price: 80,94 €/kg
Product: Amaretti-keksit sitruuna, Brezzo, Unit Price: 6,69 €, Comparison Price: 44,60 €/kg
Product: Kaoriya Mochi Peanut 210g, Unit Price: 3,89 €, Comparison Price: 18,52 €/kg
Product: Bonne  Mangosose 0,5L, Unit Price: 2,79 €, Comparison Price: 5,58 €/l
Product: Rainbow 500ml Vadelmainen omenasose, Unit Price: 2,19 €, Comparison Price: 4,38 €/l
Product: Bonne  Omenasose 0,5L, Unit Price: 2,79 €, Comparison Price: 5,58 €/l
Product: Xtra omenasose 720 g, Unit Price: 1,15 €, Comparison Price: 1,60 €/kg
Product: Rainbow 500ml mangosose, Unit Price: 1,69 €, Comparison Price: 3,38 €/l
Product: Bonne Päärynäsose 0,5L, Unit Price: 3,09 €, Comparison Price: 6,18 €/l
Product: Bonne Persikkasose 0,5L, Unit Price: 2,85 €, Comparison Price: 5,70 €/l
Product: Rainbow 500ml omenasose, Unit Price: 1,69 €, Comparison Price: 3,38 €/l
Product: Bonne Trooppinen sose 0,5L, Unit Price: 3,59 €, Comparison Price: 7,18 €/l
Product: Mackays Sitruunatahna 340g, Unit Price: 3,59 €, Comparison Price: 10,56 €/kg
Product: Bonne Mansikkasose 0,5L, Unit Price: 4,45 €, Comparison Price: 8,90 €/l
Product: URTEKRAM Luomu Makeuttamaton Omenasose  700g, Unit Price: 3,15 €, Comparison Price: 4,50 €/kg
Product: Robertson's 320g Lemon Curd sitruunatahna, Unit Price: 2,45 €, Comparison Price: 7,66 €/kg
Product: Bonne Omena-päärynä-vaniljasose 0,5L, Unit Price: 3,39 €, Comparison Price: 6,78 €/l
Product: Bonne Luumusose 0,5L, Unit Price: 4,09 €, Comparison Price: 8,18 €/l
Product: Bonne Aprikoosisose 0,5L, Unit Price: 3,09 €, Comparison Price: 6,18 €/l
Product: Bonne Luomu Omenasose 0,5L, Unit Price: 3,35 €, Comparison Price: 6,70 €/l
Product: Bonne Banaanisose 0,5L, Unit Price: 3,19 €, Comparison Price: 6,38 €/l
Product: Bonne Tyrni-omenasose 0,5L, Unit Price: 3,49 €, Comparison Price: 6,98 €/l
Product: Bonne Ananassose 0,5L, Unit Price: 3,25 €, Comparison Price: 6,50 €/l
Product: Bonne Mango-ananas-minttusose 0,5L, Unit Price: 4,95 €, Comparison Price: 9,90 €/l
Product: Mrs Darlington`s Sitruunatahna 320g, Unit Price: 6,49 €, Comparison Price: 20,28 €/kg
Product: Dronningholm Mustaherukkahyytelö 330g, Unit Price: 3,59 €, Comparison Price: 10,88 €/kg
Product: Fynbo minttuhyytelö 250g, Unit Price: 2,29 €, Comparison Price: 9,16 €/kg
Product: House lasten sateenvarjo Autot, Unit Price: 5,95 €, Comparison Price: 
Product: House kokoontaitettava sateenvarjo puoliautomaattisella mekanisimilla Heijastava Perhonen, Unit Price: 16,95 €, Comparison Price: 
Product: ZERoh! Mango & Sitruuna Juomatiiviste 0,8l, Unit Price: 1,99 €, Comparison Price: 2,24 €/l
Product: Paulig Brazil Original kahvi suodatinjauhatus 500g, Unit Price: 4,49 €, Comparison Price: 8,98 €/kg
Product: Rainbow kaurajuoma 1L, Unit Price: 1,49 €, Comparison Price: 1,49 €/l
Product: House kokoontaitettava sateenvarjo täysautomaattisella mekanismilla 206H301830, Unit Price: 6,47 €, Comparison Price: 
Product: House kokoontaitettava sateenvarjo manuaalisella avausmekanismilla 206H301801, Unit Price: 2,99 €, Comparison Price: 
Product: House sateenvarjo puoliautomaattisella mekanismilla 206H302111, Unit Price: 9,99 €, Comparison Price: 
Product: Kotimaista Kaurajuoma 1 l gluteeniton, Unit Price: 1,19 €, Comparison Price: 1,19 €/l
Product: Coop Tonnikalakolmioleipä 150g, Unit Price: 1,49 €, Comparison Price: 9,93 €/kg
Product: Rainbow sokeriton karpalon ja mustaherukan makuinen juomatiiviste 1+7 0,5l, Unit Price: 2,35 €, Comparison Price: 4,30 €/l
Product: Oululainen Reissumies Eväsleipä Tosi Tumma Savulohi 130g, täytetty täysjyväruisleipä lohi-punasipuli-remoulade, Unit Price: 3,69 €, Comparison Price: 28,38 €/kg
Product: FUN Light passiohedelmän ja raparperin makuinen juomatiiviste 0,5l, Unit Price: 1,20 €, Comparison Price: 2,00 €/l
Product: Paulig Café New York kahvi suodatinjauhatus 500g, Unit Price: 6,85 €, Comparison Price: 13,70 €/kg
Product: Twister Cosmixx Mehujääpuikko 70ml/ 72g, Unit Price: 1,19 €, Comparison Price: 16,53 €/kg
Product: Coop Asia naudanlihanmakuinen nuudeli 5 x 85g, Unit Price: 2,20 €, Comparison Price: 5,18 €/kg
Product: Rainbow 1x4 suodatinpussi valkaisematon 100kpl, Unit Price: 1,05 €, Comparison Price: 0,01 €/kpl
Product: Nescafé Dolce Gusto 30kaps/300g Café au Lait maitokahvikapseli, Unit Price: 9,49 €, Comparison Price: 31,63 €/kg
Product: House lasten sateenvarjo Työkone, Unit Price: 5,95 €, Comparison Price: 
Product: Chef Lundén Kana-pekoni wrap 200g, Unit Price: 3,75 €, Comparison Price: 18,75 €/kg
Product: Rainbow ananaksen, appelsiinin ja passiohedelmän makuinen juomatiiviste 1+7 0,5l, Unit Price: 2,35 €, Comparison Price: 4,30 €/l
Product: Kariniemen Kananpojan sisäfilee maustamaton, Unit Price: 18,85 €, Comparison Price: 
Product: Mysoda Ananas Sokeriton Virvoitusjuomatiiviste 500ml, Unit Price: 4,69 €, Comparison Price: 9,38 €/l
Product: Piggelin Tutti Frutti Jäätelöpuikko 55ml/55g, Unit Price: 0,99 €, Comparison Price: 18,00 €/kg
Product: Löfbergs Crescendo Suodatinkahvi 500g Rainforest alliance, Unit Price: 2,99 €, Comparison Price: 5,98 €/kg
Product: Battery Remix 24 energiajuoma tölkki 0,50 L, Unit Price: 1,72 €, Comparison Price: 3,14 €/l
Product: Felicia Mezzi Rigatoni kaurasta valmistettu kuviopasta 250g, Unit Price: 2,50 €, Comparison Price: 10,00 €/kg
Product: Rainbow 40kpl Hand & Face kosteuspyyhe, Unit Price: 1,09 €, Comparison Price: 0,03 €/kpl
Product: Savett Superclean kosteuspyyhe 10kpl, Unit Price: 2,15 €, Comparison Price: 0,22 €/kpl
Product: Savett Disinfecting Wipe kosteuspyyhe ihon desinfiointiin 10kpl, Unit Price: 2,15 €, Comparison Price: 0,22 €/kpl
Product: Rainbow 15kpl sensitive kosteuspyyhe, Unit Price: 1,79 €, Comparison Price: 0,12 €/kpl
Product: Rainbow 15kpl kosteuspyyhe, Unit Price: 0,89 €, Comparison Price: 0,06 €/kpl
Product: Garnier Skin Active 2in1 silmämeikinpoistoaine 125ml, Unit Price: 3,85 €, Comparison Price: 30,80 €/l
Product: Savett Toilet uudelleensuljettava kosteuspyyhe 50kpl, Unit Price: 4,30 €, Comparison Price: 0,09 €/kpl
Product: Rainbow Toilet kosteuspyyhe 40 kpl, Unit Price: 2,29 €, Comparison Price: 0,06 €/kpl
Product: Medisoft 10kpl Desinfioiva käsipyyhe, Unit Price: 2,75 €, Comparison Price: 0,28 €/kpl
Product: Savett Intim kosteuspyyhe 10kpl, Unit Price: 2,15 €, Comparison Price: 0,22 €/kpl
Product: Savett Sensitive & Clean uudelleensuljettava kosteuspyyhe 30kpl, Unit Price: 3,29 €, Comparison Price: 0,11 €/kpl
Product: Gunry Wet Wipes Aloe vera 10kpl, Unit Price: 0,75 €, Comparison Price: 0,08 €/kpl
Product: Gunry Wet Wipes Lemon 10kpl, Unit Price: 0,75 €, Comparison Price: 0,08 €/kpl
Product: Änglamark meikinpoistoliina 25 kpl, Unit Price: 1,69 €, Comparison Price: 0,07 €/kpl
Product: Gunry Wet Wipes kosteuspyyhe 100 kpl, Unit Price: 4,95 €, Comparison Price: 0,05 €/kpl
Product: Carrefour Soft Sensitive Micellar Water puhdistusliina 25 kpl, Unit Price: 1,09 €, Comparison Price: 0,04 €/kpl
Product: Lumene HERKKÄ Hellävaraiset puhdistusliinat 25kpl, Unit Price: 3,75 €, Comparison Price: 0,15 €/kpl
Product: Lumene KLASSIKKO Puhdistusliinat kaikille ihotyypeille 25kpl, Unit Price: 2,95 €, Comparison Price: 0,12 €/kpl
Product: Erisan Hajusteeton Kosteuttavat Puhdistusliinat 25 kpl, Unit Price: 3,89 €, Comparison Price: 0,16 €/kpl
Product: NIVEA 125ml Double Effect Eye Make-up Remover -silmämeikinpoistoaine, Unit Price: 5,75 €, Comparison Price: 46,00 €/l
Product: NIVEA 25kpl MicellAIR SKIN BREATHE® Cleansing Wipes -puhdistusliinat, Unit Price: 3,35 €, Comparison Price: 0,13 €/kpl
Product: Lumene VEDENKESTÄVÄ silmä- ja huulimeikin poistoaine 200ml, Unit Price: 9,35 €, Comparison Price: 46,75 €/l
Product: NIVEA 25kpl Daily Essentials Gentle Cleansing Wipes puhdistusliinat kuivalle iholle, Unit Price: 4,59 €, Comparison Price: 0,18 €/kpl
Product: Lumene HERKKÄ Hellävarainen silmä- ja huulimeikin poistoaine 100ml, Unit Price: 6,75 €, Comparison Price: 67,50 €/l
Product: Risella valmisriisi basmati Garam Masala 200g, Unit Price: 1,69 €, Comparison Price: 8,45 €/kg
Product: Felicia Linguine kaurapasta 250g, Unit Price: 2,50 €, Comparison Price: 10,00 €/kg
Product: Kotimaista sitruunamelissa, Unit Price: 1,49 €, Comparison Price: 
Product: House kokoontaitettava sateenvarjo puoliautomaattisella mekanismilla 206H301810, Unit Price: 4,99 €, Comparison Price: 
Product: TEHO Jäätävä Kesä Lime-Ananas-Tuttifrutti energiajuoma 0,33 l tlk, Unit Price: 1,59 €, Comparison Price: 4,36 €/l
Product: Ben's Original Valmisriisi Meksikolaiseen tapaan 220g, Unit Price: 2,05 €, Comparison Price: 9,32 €/kg
Product: Sammutuspeite 90cmx120cm, Unit Price: 7,95 €, Comparison Price: 
Product: SAMMUTUSPEITE 120X180 CM, Unit Price: 9,50 €, Comparison Price: 
Product: Airam sammutuspeite 120x180cm, Unit Price: 16,95 €, Comparison Price: 
Product: Moomin Hyrskyn Myrskyn sammutuspeitteen suojapussi, Unit Price: 13,90 €, Comparison Price: 
Product: Mysoda Vadelma Sokeriton Virvoitusjuomatiiviste 500ml, Unit Price: 4,69 €, Comparison Price: 9,38 €/l
Product: Valio lohkeava jogurtti 150 g mustikka laktoositon, Unit Price: 1,19 €, Comparison Price: 7,93 €/kg
Product: Valio lohkeava jogurtti 150 g raparperi laktoositon, Unit Price: 1,19 €, Comparison Price: 7,93 €/kg
Product: Juustoportti Hyvin jogurtti 1 kg mustikka-mansikka-vadelma laktoositon, Unit Price: 2,99 €, Comparison Price: 2,99 €/kg
Product: Rainbow 150g 2% kreikkalainen jogurtti laktoositon, Unit Price: 1,29 €, Comparison Price: 8,60 €/kg
Product: SodaStream Pepsi-juomatiiviste 440ml, Unit Price: 9,90 €, Comparison Price: 22,50 €/l
Product: SodaStream Mountain Dew Diet -juomatiiviste 440ml, Unit Price: 5,90 €, Comparison Price: 13,41 €/l
Product: Ben's Original Thai sweet chili valmisriisi 220g, Unit Price: 2,05 €, Comparison Price: 9,32 €/kg
Product: Xtra suodatinkahvi keskipaahtoinen 500 g, Unit Price: 0,99 €, Comparison Price: 1,98 €/kg
Product: Tarmo Ensiapupakkaus 46-osainen, Unit Price: 19,90 €, Comparison Price: 
Product: Tarmo Ensiapupakkaus 28-osainen, Unit Price: 11,90 €, Comparison Price: 
Product: SPR ensiapulaukku yleiskäyttöön, Unit Price: 48,90 €, Comparison Price: 
Product: Tarmo Ensiapupakkaus 74-osainen, Unit Price: 17,90 €, Comparison Price: 
Product: Housegard ensiapulaukku Family Large, Unit Price: 77,90 €, Comparison Price: 
Product: LOTUS Soft Embo WC-paperi 8 rll, Unit Price: 4,49 €, Comparison Price: 0,56 €/kpl
Product: Kotimaista wc-paperi 8rl valkoinen, Unit Price: 3,79 €, Comparison Price: 0,47 €/kpl
Product: LOTUS Soft Embo wc-paperi 16 rll, Unit Price: 8,59 €, Comparison Price: 0,54 €/kpl
Product: Xtra wc-paperi 8 rll, Unit Price: 1,99 €, Comparison Price: 0,25 €/kpl
Product: LOTUS Soft Embo wc-paperi 32 rll, Unit Price: 17,09 €, Comparison Price: 0,53 €/kpl
Product: Rainbow Silky Soft WC-paperi 6rl, Unit Price: 3,69 €, Comparison Price: 0,62 €/kpl
Product: Coop wc-paperi Nice & Soft 6rl, Unit Price: 2,49 €, Comparison Price: 0,42 €/kpl
Product: Serla Hellä WC-paperi 8rl valkoinen, Unit Price: 4,29 €, Comparison Price: 0,54 €/kpl
Product: Coop wc-paperi Nice & Soft 16 rl, Unit Price: 5,95 €, Comparison Price: 0,37 €/kpl
Product: Lambi WC-paperi 8rl valkoinen, Unit Price: 4,89 €, Comparison Price: 0,61 €/kpl
Product: Serla Hellä WC-paperi 32rl valkoinen, Unit Price: 16,29 €, Comparison Price: 0,51 €/kpl
Product: Coop wc-paperi Nice & Soft 24 rl, Unit Price: 8,39 €, Comparison Price: 0,35 €/kpl
Product: Serla WC-paperi 24rl, Unit Price: 12,95 €, Comparison Price: 0,54 €/kpl
Product: Kotimaista wc-paperi 32rl valkoinen, Unit Price: 14,95 €, Comparison Price: 0,47 €/kpl
Product: Lambi WC-paperi 16rl valkoinen, Unit Price: 8,95 €, Comparison Price: 0,56 €/kpl
Product: Wellgio wc-paperi 8rl, Unit Price: 2,99 €, Comparison Price: 0,37 €/kpl
Product: Lambi WC-paperi 24rl valkoinen, Unit Price: 13,95 €, Comparison Price: 0,58 €/kpl
Product: LOTUS Sensitive Kostea wc-paperi Perhepakkaus 80 kpl, Unit Price: 4,65 €, Comparison Price: 0,06 €/kpl
Product: Veltie Wc-paperi 24RL valkoinen, Unit Price: 8,69 €, Comparison Price: 0,36 €/kpl
Product: LOTUS Smart wc-paperi hylsytön 6 rll, Unit Price: 7,49 €, Comparison Price: 1,25 €/kpl
Product: Grite WC-paperi Orchidea White 8rll, Unit Price: 3,69 €, Comparison Price: 0,46 €/kpl
Product: Grite WC-paperi Blossom Recycled 8rll, Unit Price: 3,29 €, Comparison Price: 0,41 €/kpl
Product: Lambi WC-paperi 32rl valkoinen, Unit Price: 17,95 €, Comparison Price: 0,56 €/kpl
Product: LOTUS Just1 WC-paperi 6 rll, Unit Price: 5,49 €, Comparison Price: 0,92 €/kpl
Product: House sateenvarjo automaattinen pitkä KT-SL-005, Unit Price: 9,99 €, Comparison Price: 
Product: LOTUS Soft Embo WC-paperi 8 rll, Unit Price: 4,49 €, Comparison Price: 0,56 €/kpl
Product: Kotimaista wc-paperi 8rl valkoinen, Unit Price: 3,79 €, Comparison Price: 0,47 €/kpl
Product: LOTUS Soft Embo wc-paperi 16 rll, Unit Price: 8,59 €, Comparison Price: 0,54 €/kpl
Product: Xtra wc-paperi 8 rll, Unit Price: 1,99 €, Comparison Price: 0,25 €/kpl
Product: LOTUS Soft Embo wc-paperi 32 rll, Unit Price: 17,09 €, Comparison Price: 0,53 €/kpl
Product: Rainbow Silky Soft WC-paperi 6rl, Unit Price: 3,69 €, Comparison Price: 0,62 €/kpl
Product: Coop wc-paperi Nice & Soft 6rl, Unit Price: 2,49 €, Comparison Price: 0,42 €/kpl
Product: Serla Hellä WC-paperi 8rl valkoinen, Unit Price: 4,29 €, Comparison Price: 0,54 €/kpl
Product: Coop wc-paperi Nice & Soft 16 rl, Unit Price: 5,95 €, Comparison Price: 0,37 €/kpl
Product: Lambi WC-paperi 8rl valkoinen, Unit Price: 4,89 €, Comparison Price: 0,61 €/kpl
Product: Serla Hellä WC-paperi 32rl valkoinen, Unit Price: 16,29 €, Comparison Price: 0,51 €/kpl
Product: Coop wc-paperi Nice & Soft 24 rl, Unit Price: 8,39 €, Comparison Price: 0,35 €/kpl
Product: Serla WC-paperi 24rl, Unit Price: 12,95 €, Comparison Price: 0,54 €/kpl
Product: Kotimaista wc-paperi 32rl valkoinen, Unit Price: 14,95 €, Comparison Price: 0,47 €/kpl
Product: Lambi WC-paperi 16rl valkoinen, Unit Price: 8,95 €, Comparison Price: 0,56 €/kpl
Product: Wellgio wc-paperi 8rl, Unit Price: 2,99 €, Comparison Price: 0,37 €/kpl
Product: Lambi WC-paperi 24rl valkoinen, Unit Price: 13,95 €, Comparison Price: 0,58 €/kpl
Product: LOTUS Sensitive Kostea wc-paperi Perhepakkaus 80 kpl, Unit Price: 4,65 €, Comparison Price: 0,06 €/kpl
Product: Veltie Wc-paperi 24RL valkoinen, Unit Price: 8,69 €, Comparison Price: 0,36 €/kpl
Product: LOTUS Smart wc-paperi hylsytön 6 rll, Unit Price: 7,49 €, Comparison Price: 1,25 €/kpl
Product: Grite WC-paperi Orchidea White 8rll, Unit Price: 3,69 €, Comparison Price: 0,46 €/kpl
Product: Grite WC-paperi Blossom Recycled 8rll, Unit Price: 3,29 €, Comparison Price: 0,41 €/kpl
Product: Lambi WC-paperi 32rl valkoinen, Unit Price: 17,95 €, Comparison Price: 0,56 €/kpl
Product: LOTUS Just1 WC-paperi 6 rll, Unit Price: 5,49 €, Comparison Price: 0,92 €/kpl
Product: Nescafé Dolce Gusto 16kaps/145.6g Latte Macchiato Caramel maitokahvikapseli, Unit Price: 5,99 €, Comparison Price: 41,03 €/kg
Product: Kotimaista vapaan kanan munat M6 348 g, Unit Price: 1,39 €, Comparison Price: 3,99 €/kg
Product: Kotimaista minttu, Unit Price: 1,49 €, Comparison Price: 
Product: Spiderman lasten läpikuultava sateenvarjo, Unit Price: 10,95 €, Comparison Price: 
Product: Paulig Juhla Mokka Samettinen kahvi suodatinjauhatus 475g, Unit Price: 3,49 €, Comparison Price: 7,35 €/kg
Product: House sateenvarjo puoliautomaattisella mekanismilla 206H302111, Unit Price: 9,99 €, Comparison Price: 
Product: 3 Kaveria Toffee & Crunch jäätelöpuikko 110ml/80g, Unit Price: 2,65 €, Comparison Price: 33,13 €/kg
Product: House kokoontaitettava sateenvarjo manuaalisella avausmekanismilla 206H301802, Unit Price: 5,99 €, Comparison Price: 
Product: Starbucks Nespresso Caffé Verona Ristretto 10 kaps/55g, Unit Price: 5,40 €, Comparison Price: 98,18 €/kg
Product: Nescafé Dolce Gusto New York 18kaps/149,4g, Unit Price: 5,99 €, Comparison Price: 40,20 €/kg
Product: Kultamuna vapaa kananmuna M/L15 945g, Unit Price: 2,69 €, Comparison Price: 2,85 €/kg
Product: 330ml NOCCO Focus Raspberry Blast, Unit Price: 2,59 €, Comparison Price: 7,39 €/l
Product: 6 x Hartwall Jaffa Lemonade Sokeriton virvoitusjuoma 0,33 l, Unit Price: 4,59 €, Comparison Price: 1,86 €/l
Product: DUO+ Sika-kana Täysrehu kissoille 500g, Unit Price: 3,59 €, Comparison Price: 7,18 €/kg
Product: MUSH DUO+ KANA-NAUTA KISSOILLE, Unit Price: 3,59 €, Comparison Price: 7,18 €/kg
Product: Kennelpakaste Jauhettu lohi 500 g, Unit Price: 2,45 €, Comparison Price: 4,90 €/kg
Product: Kennelpakaste Naudanmaha 800 g, Unit Price: 3,09 €, Comparison Price: 3,86 €/kg
Product: Kennelpakaste Palaliha 1000 g, Unit Price: 4,39 €, Comparison Price: 4,39 €/kg
Product: Kennelpakaste Jauhettu broilerinliha 800 g, Unit Price: 3,39 €, Comparison Price: 4,24 €/kg
Product: Kennelpakaste Jauheliha sika-nauta 800 g, Unit Price: 3,39 €, Comparison Price: 4,24 €/kg
Product: Kennelpakaste Jauhettu sianliha 500 g, Unit Price: 2,45 €, Comparison Price: 4,90 €/kg
Product: Pepsi virvoitusjuoma 0,5 l, Unit Price: 2,29 €, Comparison Price: 4,18 €/l
Product: Kotimaista lehtipersilja, Unit Price: 1,49 €, Comparison Price: 
Product: Joanna Multi color cream hiusväri 42 Ebony black permanent, Unit Price: 3,15 €, Comparison Price: 
Product: Garnier Nutrisse Ultra Creme 5.0 Medium Brown Ruskea kestoväri 1kpl, Unit Price: 8,99 €, Comparison Price: 
Product: Multi blond vaalennusaine, Unit Price: 3,15 €, Comparison Price: 
Product: Joanna Multi color cream hiusväri 41 Chocolate brown permanent, Unit Price: 3,15 €, Comparison Price: 
Product: L'Oréal Paris Magic Retouch Brown Suihkutettava tyvisävyte 75ml, Unit Price: 8,39 €, Comparison Price: 111,87 €/l
Product: Multi Cream Color Natural Blond 33, Unit Price: 3,15 €, Comparison Price: 
Product: L'Oréal Paris Preference Le Blonding Ultra Platinum 9 asteen ultravoimakas vaalennus 1kpl, Unit Price: 12,99 €, Comparison Price: 
Product: L'Oréal Paris Magic Retouch Dark Brown Suihkutettava tyvisävyte 75ml, Unit Price: 8,39 €, Comparison Price: 111,87 €/l
Product: Joanna Multi Cream Color Red Cherry 35, Unit Price: 3,15 €, Comparison Price: 
Product: Garnier Color Sensation 1.0 Ultra Onyx Black Musta intensiivinen kestoväri 1kpl, Unit Price: 5,75 €, Comparison Price: 
Product: Garnier Nutrisse Ultra Creme 10.01 Extra Light Pearly Blonde Kirkas Helmiäisvaalea kestoväri 1kpl, Unit Price: 8,99 €, Comparison Price: 
Product: Joanna Multi color cream hiusväri 39 Nut brown permanent, Unit Price: 3,15 €, Comparison Price: 
Product: Garnier Nutrisse Ultra Creme 3.0 Deep Dark Brown Syvä Tummanruskea kestoväri 1kpl, Unit Price: 8,99 €, Comparison Price: 
Product: Joanna Power men hiusväri 01 musta permanent, Unit Price: 3,39 €, Comparison Price: 
Product: Biozell Professional Color Mask Hoitava sävyte Soft Ice 150ml, Unit Price: 8,79 €, Comparison Price: 58,60 €/l
Product: MULTI BLOND PLATINUM  up to 9 tones, Unit Price: 3,15 €, Comparison Price: 
Product: Garnier Nutrisee Ultra Bleach L+++ Bleach Maximum Lightener vahva vaalennus 1kpl, Unit Price: 8,99 €, Comparison Price: 
Product: L'Oréal Paris Magic Retouch Dark Blonde Suihkutettava tyvisävyte 75ml, Unit Price: 8,39 €, Comparison Price: 111,87 €/l
Product: Garnier Nutrisse Ultra Créme 6.41 Dark Copper Blonde Tumma Kuparinvaalea kestoväri 1kpl, Unit Price: 8,99 €, Comparison Price: 
Product: Joanna Power men hiusväri 04 Natural brown permanent, Unit Price: 3,39 €, Comparison Price: 
Product: Biozell Professional Color Mask Hoitava sävyte Mandarin 150ml, Unit Price: 8,79 €, Comparison Price: 58,60 €/l
Product: L'Oréal Paris Casting Crème Gloss 400 Brown Keskiruskea kevytväri 1kpl, Unit Price: 9,79 €, Comparison Price: 
Product: Garnier Nutrisse Ultra Color 7.4 Intensiivinen kupari kestoväri 1kpl, Unit Price: 8,99 €, Comparison Price: 
Product: Schwarzkopf LIVE 89 Bitter Sweet Chocolate hiusväri, Unit Price: 8,79 €, Comparison Price: 
Product: Apetit Kotimainen Herne pakaste 200g, Unit Price: 0,85 €, Comparison Price: 4,25 €/kg
Product: Apetit Kotimainen Peruna&keittokasvis pakaste 750g, Unit Price: 2,15 €, Comparison Price: 2,87 €/kg
Product: Apetit Kotimainen Hienonnettu pinaatti paloina pakaste 150g, Unit Price: 1,15 €, Comparison Price: 7,67 €/kg
Product: Kotimaista Keittojuurekset pakaste 200g, Unit Price: 0,49 €, Comparison Price: 2,45 €/kg
Product: Kotimaista Vihannessekoitus pakaste 250g, Unit Price: 0,65 €, Comparison Price: 2,60 €/kg
Product: Apetit Maissia pakaste 200g, Unit Price: 1,35 €, Comparison Price: 6,75 €/kg
Product: Xtra broccoli mix pakaste 1 kg, Unit Price: 1,95 €, Comparison Price: 1,95 €/kg
Product: Coop ohuet vihreät pavut 500 g pakaste, Unit Price: 0,97 €, Comparison Price: 1,94 €/kg
Product: Coop makea maissi 450 g pakaste, Unit Price: 0,95 €, Comparison Price: 2,11 €/kg
Product: Coop parsakaalin kukinnot 500 g pakaste, Unit Price: 1,25 €, Comparison Price: 2,50 €/kg
Product: Kotimaista 200g sipulikuutiot pakaste, Unit Price: 0,75 €, Comparison Price: 3,75 €/kg
Product: Apetit Vihreitä papuja paloina pakaste 200g, Unit Price: 1,15 €, Comparison Price: 5,75 €/kg
Product: Apetit Kruunusekoitus vihannessekoitus pakaste 300g, Unit Price: 1,99 €, Comparison Price: 6,63 €/kg
Product: Coop herneet 600 g pakaste, Unit Price: 1,16 €, Comparison Price: 1,93 €/kg
Product: Coop hienonnettu pinaatti 150 g pakaste, Unit Price: 0,45 €, Comparison Price: 3,00 €/kg
Product: Apetit Kotimainen Luomu Herne pakaste 200g, Unit Price: 1,15 €, Comparison Price: 5,75 €/kg
Product: Apetit Herne-maissi-paprika pakaste 200g, Unit Price: 0,95 €, Comparison Price: 4,75 €/kg
Product: Apetit Kotimainen Keittojuures pakaste 200g, Unit Price: 0,62 €, Comparison Price: 3,10 €/kg
Product: Apetit Kotimainen Sipulikuutio pakaste 200 g, Unit Price: 0,79 €, Comparison Price: 3,95 €/kg
Product: Coop Taste of Asia wokvihannekset Thai 500 g pakaste, Unit Price: 1,45 €, Comparison Price: 2,90 €/kg
Product: Änglamark ohuet vihreät pavut luomu pakaste 400 g, Unit Price: 1,59 €, Comparison Price: 3,98 €/kg
Product: Xtra wokmix vihannessekoitus pakaste 1 kg, Unit Price: 1,98 €, Comparison Price: 1,98 €/kg
Product: Apetit Kasvissuikaleet pakaste 250g, Unit Price: 0,99 €, Comparison Price: 3,96 €/kg
Product: Coop peruna ja keittojuurekset 750 g pakaste, Unit Price: 1,15 €, Comparison Price: 1,53 €/kg
Product: Satamuna Ruskeita vapaan kanan munia L15 1020g, Unit Price: 4,69 €, Comparison Price: 4,60 €/kg
Product: CELSIUS Jungle Vibe Energiajuoma 355ml, Unit Price: 2,45 €, Comparison Price: 6,48 €/l
Product: 6-pack Coca-Cola Zero Sugar Lime virvoitusjuoma tölkki 0,33 L, Unit Price: 3,99 €, Comparison Price: 1,56 €/l
Product: Kulta Katriina Perinteinen pannukahvi RAC 500g, Unit Price: 1,49 €, Comparison Price: 2,98 €/kg
Product: OLVI Hard Seltzer Strawberry & Rhubarb 4,5% 0,33 l tlk, Unit Price: 2,39 €, Comparison Price: 6,79 €/l
Product: Nissin 90g Soba Cup Japanese Curry nuudeli, Unit Price: 2,19 €, Comparison Price: 24,33 €/kg
Product: Nescafé Dolce Gusto Grande Intenso 16 kaps/132,8g, Unit Price: 5,95 €, Comparison Price: 44,74 €/kg
Product: AROMA GOLD Irish Cream DG kapseli 16 kpl, Unit Price: 4,99 €, Comparison Price: 19,49 €/kg
Product: Nescafé Dolce Gusto Miami 18kaps/126g, Unit Price: 3,15 €, Comparison Price: 25,00 €/kg
Product: Batiste Original Kuivashampoo 200ml, Unit Price: 3,99 €, Comparison Price: 19,95 €/l
Product: Erisan Hajusteeton Kuivashampoo 250 ml, Unit Price: 5,89 €, Comparison Price: 23,56 €/l
Product: mjuuk refresh dry shampoo kuivashampoo 50 ml, Unit Price: 3,49 €, Comparison Price: 69,80 €/l
Product: Batiste Bare kuivashampoo 200ml, Unit Price: 3,99 €, Comparison Price: 19,95 €/l
Product: mjuuk refresh dry shampoo kuivashampoo 250 ml, Unit Price: 6,49 €, Comparison Price: 25,96 €/l
Product: mjuuk volume dry shampoo kuivashampoo 250 ml, Unit Price: 6,49 €, Comparison Price: 25,96 €/l
Product: Batiste Heavenly Volume Kuivashampoo 200ml, Unit Price: 3,99 €, Comparison Price: 19,95 €/l
Product: Batiste Ocean Breeze Kuivashampoo 200ml, Unit Price: 3,99 €, Comparison Price: 19,95 €/l
Product: Batiste Colour Dry Shampoo Dark Hair kuivashampoo 200ml, Unit Price: 3,99 €, Comparison Price: 19,95 €/l
Product: Batiste Original Mini Kuivashampoo 50ml, Unit Price: 2,29 €, Comparison Price: 45,80 €/l
Product: Batiste Blush kuivashampoo 200ml, Unit Price: 3,99 €, Comparison Price: 19,95 €/l
Product: Batiste Original kuivashampoo 350ml, Unit Price: 6,89 €, Comparison Price: 19,69 €/l
Product: Batiste Colour Dry Shampoo Brunette 200ml, Unit Price: 3,99 €, Comparison Price: 19,95 €/l
Product: Batiste Fresh Kuivashampoo 200ml, Unit Price: 3,99 €, Comparison Price: 19,95 €/l
Product: Batiste Cherry Kuivashampoo 200ml, Unit Price: 3,99 €, Comparison Price: 19,95 €/l
Product: Delia Cameleo 200ml kuivashampoo silikoniton, Unit Price: 2,95 €, Comparison Price: 14,75 €/l
Product: Batiste Cherry Mini Kuivashampoo 50ml, Unit Price: 2,29 €, Comparison Price: 45,80 €/l
Product: Herbina 200ml Sensitive hajusteeton kuivashampoo, Unit Price: 5,15 €, Comparison Price: 25,75 €/l
Product: Herbina 200ml Volume kuivashampoo, Unit Price: 5,15 €, Comparison Price: 25,75 €/l
Product: Erisan Hajusteeton Kuivashampoo 100 ml, Unit Price: 3,99 €, Comparison Price: 39,90 €/l
Product: Batiste Blush kuivashampoo 350ml, Unit Price: 6,89 €, Comparison Price: 19,69 €/l
Product: Batiste XXL Stylist Volume Spray muotoilusuihke 200ml, Unit Price: 3,99 €, Comparison Price: 19,95 €/l
Product: Batiste Rose Gold Kuivashampoo 200ml, Unit Price: 3,99 €, Comparison Price: 19,95 €/l
Product: Herbina 50ml Hajusteeton kuivashampoo, Unit Price: 2,45 €, Comparison Price: 49,00 €/l
Product: Nescafé Dolce Gusto Americano 30 kaps/255g, Unit Price: 9,49 €, Comparison Price: 37,22 €/kg
Product: Farmimuna 348g M6 Vapaa kananmuna, Unit Price: 1,45 €, Comparison Price: 4,17 €/kg
Product: House kokoontaitettava sateenvarjo manuaalisella avausmekanismilla 206H301802, Unit Price: 2,99 €, Comparison Price: 
Product: Rainbow putkenavaaja 1 l, Unit Price: 1,45 €, Comparison Price: 1,45 €/l
Product: Mr Muscle Kodin putkimies 1l viemärinavaaja, Unit Price: 3,45 €, Comparison Price: 3,45 €/l
Product: Mr Muscle 500ml viemärigeeli viemärinavaaja, Unit Price: 3,79 €, Comparison Price: 7,58 €/l
Product: Domestos Original WC -puhdistusaine Valkaiseva 750 ml, Unit Price: 2,49 €, Comparison Price: 3,32 €/l
Product: Putkireiska Putkenavaajaliuos 1 L, Unit Price: 3,19 €, Comparison Price: 3,19 €/l
Product: Rainbow wc-raikastin blue water 40g, Unit Price: 0,99 €, Comparison Price: 24,75 €/kg
Product: WC Kukka Sininen huuhtelu wc-raikastin 40g, Unit Price: 1,69 €, Comparison Price: 42,25 €/kg
Product: WC Kukka Sininen huuhtelu tuplapakkaus wc-raikastin 2x40g, Unit Price: 2,99 €, Comparison Price: 37,38 €/kg
Product: Domestos Mountain Fresh WC-puhdistusaine Desinfioiva 750 ml, Unit Price: 2,49 €, Comparison Price: 3,32 €/l
Product: Duck Aktiv-Gel 750ml citrus WC:n puhdistusaine, Unit Price: 2,39 €, Comparison Price: 3,19 €/l
Product: Harpic 750ml Power Plus Original WC, Unit Price: 1,99 €, Comparison Price: 2,65 €/l
Product: Domestos Ocean WC-raikastintikut IDO-WC-istuimiin 10x9,5g 10 kpl, Unit Price: 6,49 €, Comparison Price: 0,65 €/kpl
Product: Xtra WC-puhdistaja 1 l, Unit Price: 1,29 €, Comparison Price: 1,29 €/l
Product: Tolu 500ml Kylpyhuone puhdistusaine spray, Unit Price: 2,95 €, Comparison Price: 5,90 €/l
Product: Kiilto WC biohajoava puhdistussuihke Sitrus 600 ml, Unit Price: 3,15 €, Comparison Price: 5,25 €/l
Product: Bref 2x50g Power Active Flower WC-raikastin, Unit Price: 2,89 €, Comparison Price: 28,90 €/kg
Product: WC Kukka Meri wc-geeli 750ml, Unit Price: 2,29 €, Comparison Price: 3,05 €/l
Product: Duck Aktiv-Gel 750ml fresh puhdistusaine, Unit Price: 2,39 €, Comparison Price: 3,19 €/l
Product: Rainbow WC-puhdistaja 750 ml, Unit Price: 1,79 €, Comparison Price: 2,39 €/l
Product: Klorin WC Gel Ocean Fresh WC-puhdistusgeeli 750 ml, Unit Price: 2,99 €, Comparison Price: 3,99 €/l
Product: Domestos Lime Vessanpuhdistus WC-raikastintikut IDO-WC-istuimiin 5x9,5g 5 kpl, Unit Price: 3,29 €, Comparison Price: 0,66 €/kpl
Product: Kiilto WC-geeli Valkoapila 750 ml, Unit Price: 2,59 €, Comparison Price: 3,45 €/l
Product: Kiilto WC biohajoava puhdistussuihke Valkoapila 600 ml, Unit Price: 3,15 €, Comparison Price: 5,25 €/l
Product: DUCK Fresh Discs 2x36ml lime zest täyttöpakkaus, Unit Price: 3,09 €, Comparison Price: 42,92 €/l
Product: Löfbergs Kharisma Suodatinkahvi 500g Rainforest alliance, Unit Price: 5,99 €, Comparison Price: 11,98 €/kg
Product: House kokoontaitettava sateenvarjo puoliautomaattisella mekanisimilla Eco Marble, Unit Price: 16,95 €, Comparison Price: 
Product: Nescafé Dolce Gusto 30kaps/210g Espresso Intenso kahvikapseli, Unit Price: 9,49 €, Comparison Price: 45,19 €/kg
Product: Cellini Dolce Gusto Capsules Deciso kahvikapseli 10 kpl, Unit Price: 3,50 €, Comparison Price: 46,67 €/kg
Product: ZERoh! Sitruuna & Lime Juomatiiviste 0,8l, Unit Price: 1,99 €, Comparison Price: 2,24 €/l
Product: Naapurin Maalaiskana paistileike luullinen naturell, Unit Price: 6,75 €, Comparison Price: 
Product: Karl Fazer Pretzel suklaa levy 180 g, Unit Price: 1,99 €, Comparison Price: 11,06 €/kg
Product: FUN Light metsämarjanmakuinen juomatiiviste 1,0l, Unit Price: 4,75 €, Comparison Price: 4,35 €/l
Product: HK Rypsiporsas Porsaan Kyljys, Unit Price: 13,90 €, Comparison Price: 
Product: RAPARPERI - Lohkeava luonn.jogurtti 150g, Unit Price: 1,09 €, Comparison Price: 7,27 €/kg
Product: VADELMA - Lohkeava luonnonjogurtti 150g, Unit Price: 1,09 €, Comparison Price: 7,27 €/kg
Product: PUOLUKKA - Lohkeava luonnonjogurtti 150g, Unit Price: 1,09 €, Comparison Price: 7,27 €/kg
Product: TYRNI - Lohkeava luonnonjogurtti 150g, Unit Price: 1,09 €, Comparison Price: 7,27 €/kg
Product: MAUSTAMATON - Lohkeava jogurtti 150g, Unit Price: 1,09 €, Comparison Price: 7,27 €/kg
Product: Barilla Al Bronzo Tortiglioni durumvehnästä valmistettu pasta 400g, Unit Price: 1,58 €, Comparison Price: 3,95 €/kg
Product: 6 x Laitilan Panama Gin 5,0% 0,33L ginipohjainen greipinmakuinen long drink, Unit Price: 16,74 €, Comparison Price: 8,00 €/l
Product: Nescafé Dolce Gusto 16kaps/160g Café au Lait Intenso maitokahvikapseli, Unit Price: 5,99 €, Comparison Price: 37,44 €/kg
Product: Starbucks Nespresso Smooth Caramel 10kaps/51g, Unit Price: 5,40 €, Comparison Price: 105,88 €/kg
Product: Erisan Hajusteeton Biohajoava Pyykinpesuneste 1.5l, Unit Price: 7,65 €, Comparison Price: 5,10 €/l
Product: Rainbow Color Sensitive pyykinpesuneste värillisille tekstiileille 900 ml, Unit Price: 2,19 €, Comparison Price: 2,43 €/l
Product: Erisan Hajusteeton Biohajoava Pyykinpesuneste 850ml, Unit Price: 4,89 €, Comparison Price: 5,75 €/l
Product: Omo Sensitive Nestemäinen pyykinpesuaine Hajusteeton 920 ml 23 pesua, Unit Price: 5,49 €, Comparison Price: 5,97 €/l
Product: Omo Color Sensitive Nestemäinen pyykinpesuaine Hajusteeton 920 ml 23 pesua, Unit Price: 5,49 €, Comparison Price: 5,97 €/l
Product: Rainbow Sensitive Color pyykinpesuneste värillisille tekstiileille, Unit Price: 2,49 €, Comparison Price: 2,49 €/l
Product: Bio Luvil Sensitive Color Pyykinpesuaine Hajusteeton 920 ml 23 pesua, Unit Price: 5,39 €, Comparison Price: 5,86 €/l
Product: Bio Luvil Color Pyykinpesuaine Värillisille vaatteille 920 ml 23 pesua, Unit Price: 5,39 €, Comparison Price: 5,86 €/l
Product: Omo Color Nestemäinen pyykinpesuaine Värillisille vaatteille 920 ml 23 pesua, Unit Price: 5,49 €, Comparison Price: 5,97 €/l
Product: Lumme Kirjopyykki Sensitive hajusteeton pyykinpesuneste 750ml, Unit Price: 3,89 €, Comparison Price: 5,19 €/l
Product: Xtra Sensitive Color pyykinpesuneste 2 l, Unit Price: 2,85 €, Comparison Price: 1,43 €/l
Product: LV 1,5l Color pyykinpesuneste täyttöpussi, Unit Price: 5,19 €, Comparison Price: 3,46 €/l
Product: Rainbow Color pyykinpesuneste värillisille tekstiileille 900ml, Unit Price: 2,19 €, Comparison Price: 2,43 €/l
Product: Rainbow Color pyykinpesuneste värillisille tekstiileille 1l, Unit Price: 2,49 €, Comparison Price: 2,49 €/l
Product: Xtra Color pyykinpesuneste 2 l, Unit Price: 2,85 €, Comparison Price: 1,43 €/l
Product: Omo Color Pyykinpesuaine Värillisille vaatteille 2600 ml 65 pesua, Unit Price: 10,99 €, Comparison Price: 4,23 €/l
Product: Omo Color Sensitive Pyykinpesuaine 2,6 L, Unit Price: 10,99 €, Comparison Price: 4,23 €/l
Product: ONNI Pyykkietikka 750 ml Puhdas-Pellava, Unit Price: 3,59 €, Comparison Price: 4,79 €/l
Product: LV 1,5l Color Pyykinpesuneste, Unit Price: 5,99 €, Comparison Price: 3,99 €/l
Product: Bio Luvil Classic Pyykinpesuaine Valkoisille vaatteille 920 ML 23 pesua, Unit Price: 5,39 €, Comparison Price: 5,86 €/l
Product: Lumme Kirjopyykki pyykinpesuneste 750ml, Unit Price: 3,89 €, Comparison Price: 5,19 €/l
Product: COMFORT Blue Skies Huuhteluaine Mieto ja puhdas tuoksu 762 ml 42 pesua, Unit Price: 2,79 €, Comparison Price: 3,66 €/l
Product: A+ 1600ml Color Joutsenmerkki pyykinpesuneste, Unit Price: 4,99 €, Comparison Price: 3,12 €/l
Product: Dr Beckmann 40kpl Värin- ja liankerääjä, Unit Price: 8,29 €, Comparison Price: 0,21 €/kpl
Product: Suomi 20 kpl sytytyspala, Unit Price: 5,95 €, Comparison Price: 0,30 €/kpl
Product: Maku Brewing Premium Gin Long Drink 5,0% 0.33l tölkki, Unit Price: 2,19 €, Comparison Price: 6,18 €/l
Product: OLVI Hard Seltzer Mango & Pineapple 4,5 % 0,33 l tlk, Unit Price: 2,39 €, Comparison Price: 6,79 €/l
Product: Kieku Vapaan kanan muna L15 1020g, Unit Price: 3,79 €, Comparison Price: 3,72 €/kg
Product: Mehukatti Sekamehujuomatiiviste 1+3 1,5 L, Unit Price: 4,95 €, Comparison Price: 3,30 €/l
Product: FUN Light kolanmakuinen juomatiiviste 0,5l, Unit Price: 2,59 €, Comparison Price: 4,78 €/l
Product: Kotimaista basilika, Unit Price: 1,49 €, Comparison Price: 
Product: Järvikylä min30g Basilika, Unit Price: 1,89 €, Comparison Price: 63,00 €/kg
Product: Järvikylä min30g Korianteri, Unit Price: 1,89 €, Comparison Price: 63,00 €/kg
Product: Järvikylä min50g Tilli, Unit Price: 1,55 €, Comparison Price: 14,76 €/kg
Product: Kotimaista tilli, Unit Price: 1,29 €, Comparison Price: 
Product: Kotimaista korianteri, Unit Price: 1,49 €, Comparison Price: 
Product: Kotimaista persilja, Unit Price: 1,29 €, Comparison Price: 
Product: Järvikylä min50g Persilja, Unit Price: 1,55 €, Comparison Price: 31,00 €/kg
Product: Kotimaista minttu, Unit Price: 1,49 €, Comparison Price: 
Product: Kotimaista ruohosipuli, Unit Price: 1,29 €, Comparison Price: 
Product: Järvikylä min30g Ruohosipuli, Unit Price: 1,55 €, Comparison Price: 51,67 €/kg
Product: Varpio Basilika, Unit Price: 2,45 €, Comparison Price: 
Product: Kotimaista lehtipersilja, Unit Price: 1,49 €, Comparison Price: 
Product: Kotimaista tilli 30g, Unit Price: 1,19 €, Comparison Price: 39,67 €/kg
Product: Järvikylä min25g Lehtipersilja, Unit Price: 1,89 €, Comparison Price: 75,60 €/kg
Product: Kotimaista timjami, Unit Price: 1,49 €, Comparison Price: 
Product: Varpio Tilli, Unit Price: 2,15 €, Comparison Price: 4,78 €/kg
Product: Varpio Rucola, Unit Price: 2,45 €, Comparison Price: 
Product: Luomu Alfalfa Silmusalaatti 110g, Unit Price: 2,59 €, Comparison Price: 23,55 €/kg
Product: Varpio Viinisuolaheinä, Unit Price: 2,45 €, Comparison Price: 
Product: Kotimaista persilja 30g, Unit Price: 1,19 €, Comparison Price: 39,67 €/kg
Product: Kotimaista vehnänoras, Unit Price: 1,49 €, Comparison Price: 
Product: Kotimaista sitruunamelissa, Unit Price: 1,49 €, Comparison Price: 
Product: Järvikylä min25g Timjami, Unit Price: 2,15 €, Comparison Price: 13,44 €/kg
Product: House grillipihdit 45 cm, Unit Price: 11,95 €, Comparison Price: 
Product: House grillivarrastikku 100 kpl, Unit Price: 2,95 €, Comparison Price: 
Product: Kieku Vapaan kanan muna L4 272g, Unit Price: 1,59 €, Comparison Price: 5,85 €/kg
Product: Napoleon puhdistusharja messinki, Unit Price: 24,90 €, Comparison Price: 
Product: Kinder Bueno White-jäätelö 62g. Hasselpähk mak jäätelö (53%) hasselpähk ytimellä (2,5%) kaakao (8,5%) vuorat vohvelitötterössä (15,5%) – päällä hasselpähk kuorrute (15%) ja kaakaohippuja (0,3%)., Unit Price: 1,59 €, Comparison Price: 25,65 €/kg
Product: Burner sytytysapu 100kpl, Unit Price: 8,90 €, Comparison Price: 0,09 €/kpl
Product: Rainbow long drink greippi light 4,7% 0,5L, Unit Price: 2,29 €, Comparison Price: 4,28 €/l
Product: Mustang Grillipihdit Pro 43 cm, Unit Price: 8,95 €, Comparison Price: 
Product: SAY Alcohol Free Seltzer Lime Mint 0% 33cl, Unit Price: 0,85 €, Comparison Price: 2,12 €/l
Product: Twister Sweet & Sour Jäätelö Monipakkaus 8kpl 400 ml/348g, Unit Price: 3,95 €, Comparison Price: 11,35 €/kg
Product: House grillipinsetit 30 cm, Unit Price: 6,95 €, Comparison Price: 
Product: Koskenkorva PURE Peach-Raspberry 5,5% 33cl, Unit Price: 2,95 €, Comparison Price: 8,48 €/l
Product: Tuoppi Kotikalja mallasjuomauute 3x35g, Unit Price: 1,00 €, Comparison Price: 9,52 €/kg
Product: Xtra lautasliina 33x33 cm 100 kpl, Unit Price: 0,90 €, Comparison Price: 0,01 €/kpl
Product: Marimekko 33cm Sitruunapuu vaaleanpunainen 20kpl lautasliina, Unit Price: 2,99 €, Comparison Price: 0,15 €/kpl
Product: Marimekko 33cm Unikko 60th Anniversary vihreä 20kpl lautasliina, Unit Price: 3,05 €, Comparison Price: 0,15 €/kpl
Product: Marimekko 25cm Mansikkavuoret roosa 20kpl lautasliina, Unit Price: 2,39 €, Comparison Price: 0,12 €/kpl
Product: Huhtamaki lautasliina 20x33*33cm Summer 2024 Swan, Unit Price: 2,65 €, Comparison Price: 0,13 €/kpl
Product: Marimekko 33cm Unikko oranssi vihreä 20kpl lautasliina, Unit Price: 3,05 €, Comparison Price: 0,15 €/kpl
Product: Marimekko 33cm Mansikkavuoret roosa 20kpl lautasliina, Unit Price: 2,99 €, Comparison Price: 0,15 €/kpl
Product: Huhtamaki lautasliina 20x25*25cm Summer 2024 Swan, Unit Price: 2,05 €, Comparison Price: 0,10 €/kpl
Product: Marimekko 33cm Unikko vaaleanpunainen 20kpl lautasliina, Unit Price: 2,99 €, Comparison Price: 0,15 €/kpl
Product: Marimekko 25cm Sitruunapuu vaaleanpunainen 20kpl lautasliina, Unit Price: 2,39 €, Comparison Price: 0,12 €/kpl
Product: Marimekko 33cm Mini Unikot vaaleanpunainen 20kpl lautasliina, Unit Price: 3,05 €, Comparison Price: 0,15 €/kpl
Product: Carrefour lautasliina valkoinen 33 cm 100 kpl, Unit Price: 2,85 €, Comparison Price: 0,03 €/kpl
Product: Havi lautasliina tissue vaaleansininen 33cm 20kpl, Unit Price: 1,45 €, Comparison Price: 0,07 €/kpl
Product: Decorata lautasliina 33cm Kanervaoksat, Unit Price: 1,75 €, Comparison Price: 0,09 €/kpl
Product: Havi 50kpl/33cm valkoinen tissue lautasliina, Unit Price: 2,95 €, Comparison Price: 0,06 €/kpl
Product: Decorata lautasliina 25cm Ruusut, Unit Price: 1,35 €, Comparison Price: 0,07 €/kpl
Product: Finlayson lautasliina Kesäkuu vihreä 33cm 20kpl, Unit Price: 2,95 €, Comparison Price: 0,15 €/kpl
Product: Decorata lautasliina 25cm Pinkki perhonen, Unit Price: 1,35 €, Comparison Price: 0,07 €/kpl
Product: Havi lautasliina tissue vaaleansininen 24cm 20kpl, Unit Price: 0,89 €, Comparison Price: 0,04 €/kpl
Product: Havi-Kuovi tissue lautasliina Tarha sinikeltainen 33cm 20kpl, Unit Price: 2,99 €, Comparison Price: 0,15 €/kpl
Product: Decorata lautasliina 25cm Kanervaoksat, Unit Price: 1,35 €, Comparison Price: 0,07 €/kpl
Product: Marimekko 33cm Räsymatto vaaleanpunainen 20kpl lautasliina, Unit Price: 2,99 €, Comparison Price: 0,15 €/kpl
Product: Havi lautasliina tissue vaaleanpunainen 33cm 20kpl, Unit Price: 1,45 €, Comparison Price: 0,07 €/kpl
Product: Lautasliina iloiset kesähedelmät 33cm, Unit Price: 1,50 €, Comparison Price: 0,08 €/kpl
Product: FUN Light vihreän omenan makuinen juomatiiviste 0,5l, Unit Price: 2,59 €, Comparison Price: 4,78 €/l
Product: FUN Light mansikanmakuinen juomatiiviste 0,5l, Unit Price: 1,50 €, Comparison Price: 2,60 €/l
Product: Coop mozzarella juustoraaste 150 g, Unit Price: 1,31 €, Comparison Price: 8,73 €/kg
Product: Coop emmental juustoraaste 150 g, Unit Price: 1,29 €, Comparison Price: 8,60 €/kg
Product: Castelli Parmigiano Reggiano tuoreraaste 70 g, Unit Price: 2,45 €, Comparison Price: 35,00 €/kg
Product: Valio Hyvä suomalainen Arki® juustoraaste e170 g, Unit Price: 1,85 €, Comparison Price: 10,88 €/kg
Product: Coop cheddar juustoraaste 150 g, Unit Price: 1,69 €, Comparison Price: 11,27 €/kg
Product: Valio Emmental e150 g raaste (punaleima), Unit Price: 2,75 €, Comparison Price: 18,33 €/kg
Product: Coop juustoraaste pizzaan 150 g, Unit Price: 1,31 €, Comparison Price: 8,73 €/kg
Product: Valio mozzarella e150 g raaste, Unit Price: 2,75 €, Comparison Price: 18,33 €/kg
Product: Coop texmex juustoraaste 150 g, Unit Price: 2,19 €, Comparison Price: 14,60 €/kg
Product: Castelli Gran Castelli tuoreraaste, Unit Price: 1,25 €, Comparison Price: 25,00 €/kg
Product: OLVI Hard Seltzer Lime-Blueberry 4,5 % 0,33 l tlk, Unit Price: 2,39 €, Comparison Price: 6,79 €/l
Product: Valio pizzajuusto e150 g raaste, Unit Price: 2,75 €, Comparison Price: 18,33 €/kg
Product: Valio AURA® e150 g murennettu sinihomejuusto, Unit Price: 3,15 €, Comparison Price: 21,00 €/kg
Product: Valio pizzajuusto e400 g raaste, Unit Price: 5,79 €, Comparison Price: 14,48 €/kg
Product: Kotimaista sinileima Emmentaljuustoraaste 150 g, Unit Price: 2,55 €, Comparison Price: 17,00 €/kg
Product: Coop 4-Mix juustoraaste 150 g, Unit Price: 2,35 €, Comparison Price: 15,67 €/kg
Product: Xtra pizzaraaste 500 g, Unit Price: 3,55 €, Comparison Price: 7,10 €/kg
Product: Valio Emmental e400 g raaste (punaleima), Unit Price: 5,79 €, Comparison Price: 14,48 €/kg
Product: Valio kevyempi pizzajuusto 17 % e150 g raaste, Unit Price: 2,75 €, Comparison Price: 18,33 €/kg
Product: Castelli Pecorino Romano tuoreraaste 50 g, Unit Price: 1,85 €, Comparison Price: 37,00 €/kg
Product: Kotimaista pizzajuustoraaste 150 g, Unit Price: 2,65 €, Comparison Price: 17,67 €/kg
Product: Rainbow Sinihomejuustomuru 150g, Unit Price: 2,98 €, Comparison Price: 19,87 €/kg
Product: Kotimaista mustaleima emmentaljuustoraaste 150 g, Unit Price: 2,95 €, Comparison Price: 19,67 €/kg
Product: Arla Muhkea 500 g Mozzarella raaste, Unit Price: 6,29 €, Comparison Price: 12,58 €/kg
Product: Valio Mustaleima™ e130 g raaste, Unit Price: 2,75 €, Comparison Price: 21,15 €/kg
Product: 2 x Hartwall Jaffa Appelsiini Sokeriton virvoitusjuoma 1,5 l, Unit Price: 4,29 €, Comparison Price: 1,16 €/l
Product: Xtra sokeriton appelsiini  virvoitusjuoma 1,5l, Unit Price: 1,19 €, Comparison Price: 0,53 €/l
Product: Rainbow Appelsiini Sokeriton virvoitusjuoma 1,5 l kmp, Unit Price: 1,65 €, Comparison Price: 0,83 €/l
Product: Hartwall Jaffa Appelsiini virvoitusjuoma 0,5 l, Unit Price: 2,29 €, Comparison Price: 4,18 €/l
Product: Rainbow Appelsiini virvoitusjuoma 0,5 l kmp, Unit Price: 0,89 €, Comparison Price: 1,38 €/l
Product: Rainbow Appelsiini virvoitusjuoma 1,5 l kmp, Unit Price: 1,65 €, Comparison Price: 0,83 €/l
Product: Rainbow Appelsiini Sokeriton virvoitusjuoma 0,5 l kmp, Unit Price: 0,89 €, Comparison Price: 1,38 €/l
Product: Hartwall Jaffa Appelsiini virvoitusjuoma 1,5 l, Unit Price: 2,99 €, Comparison Price: 1,73 €/l
Product: Fanta Appelsiini virvoitusjuoma muovipullo 0,5 L, Unit Price: 2,39 €, Comparison Price: 4,38 €/l
Product: Hartwall Jaffa Appelsiini Sokeriton virvoitusjuoma 1,5 l, Unit Price: 2,75 €, Comparison Price: 1,57 €/l
Product: Fanta Appelsiini virvoitusjuoma muovipullo 1,5 L, Unit Price: 2,95 €, Comparison Price: 1,70 €/l
Product: 24 x Hartwall Jaffa Appelsiini Sokeriton virvoitusjuoma 0,33 l, Unit Price: 15,49 €, Comparison Price: 1,65 €/l
Product: Hartwall Jaffa Appelsiini Sokeriton virvoitusjuoma 0,5 l, Unit Price: 2,25 €, Comparison Price: 4,10 €/l
Product: Fanta Appelsiini Zero virvoitusjuoma muovipullo 1,5 L, Unit Price: 2,65 €, Comparison Price: 1,50 €/l
Product: 2 x Hartwall Jaffa Appelsiini virvoitusjuoma 1,5 l, Unit Price: 4,99 €, Comparison Price: 1,40 €/l
Product: Fanta Sitruuna Zero virvoitusjuoma muovipullo 0.5 L, Unit Price: 2,25 €, Comparison Price: 4,10 €/l
Product: 6-pack Fanta Appelsiini virvoitusjuoma tölkki 0,33 L, Unit Price: 5,19 €, Comparison Price: 2,17 €/l
Product: Rainbow veriappelsiini virvoitusjuoma 0,5l, Unit Price: 1,05 €, Comparison Price: 1,70 €/l
Product: 12 x Rainbow orange virvoitusjuoma 0,33l, Unit Price: 7,69 €, Comparison Price: 1,64 €/l
Product: Rainbow Veriappelsiini virvoitusjuoma 1,5l, Unit Price: 2,19 €, Comparison Price: 1,19 €/l
Product: Hometown Lemonades Orange 0,33l, Unit Price: 1,79 €, Comparison Price: 4,97 €/l
Product: La Mortuacienne Rieme Mandariini Virvoitusjuoma 1L, Unit Price: 7,39 €, Comparison Price: 7,29 €/l
Product: La Mortuacienne Rieme Appelsiini Virvoitusjuoma 1L, Unit Price: 7,39 €, Comparison Price: 7,29 €/l
Product: Coop Kinkkukolmioleipä 150g, Unit Price: 1,58 €, Comparison Price: 10,53 €/kg
Product: Xtra kookosmaito 400 ml, Unit Price: 1,19 €, Comparison Price: 2,97 €/l
Product: Kara 200ml kookosmaito 17%, Unit Price: 1,25 €, Comparison Price: 6,25 €/l
Product: Santa Maria Coconut Milk Original Kookosmaito 250 ml, Unit Price: 1,79 €, Comparison Price: 7,16 €/l
Product: Santa Maria Kookoskerma 250 ml, Unit Price: 1,79 €, Comparison Price: 7,16 €/l
Product: Kara 200ml kookoskerma 24%, Unit Price: 1,35 €, Comparison Price: 6,75 €/l
Product: Coop Taste of Asia kookosmaito 400 ml, Unit Price: 1,19 €, Comparison Price: 2,97 €/l
Product: Foodin kookosmaito luomu 330ml, Unit Price: 1,89 €, Comparison Price: 5,73 €/l
Product: Santa Maria Coconut Milk Organic Kookomaito Luomu 250 ml, Unit Price: 1,95 €, Comparison Price: 7,80 €/l
Product: Santa Maria Coconut Milk Light Kookosmaito Vähärasvainen 250 ml, Unit Price: 1,79 €, Comparison Price: 7,16 €/l
Product: VietCoco kookosmaito 17-19% 400ml, Unit Price: 1,89 €, Comparison Price: 4,72 €/l
Product: Coop Asia kookoskerma 250 ml, Unit Price: 1,40 €, Comparison Price: 5,60 €/l
Product: VietCoco kookoskerma 22-24% 400ml, Unit Price: 1,89 €, Comparison Price: 4,72 €/l
Product: ELO COCO Kookosmaito 330ml, Unit Price: 1,85 €, Comparison Price: 5,61 €/l
Product: Spice Up! Kookoskerma 165ml, Unit Price: 1,19 €, Comparison Price: 7,21 €/l
Product: Spice Up! Kondensoitu kookosmaito 320g, Unit Price: 3,09 €, Comparison Price: 9,66 €/kg
Product: Go-Tan Easy coconut milk 500ml, Unit Price: 3,45 €, Comparison Price: 6,90 €/l
Product: Ekströms mansikkainen sekamehutiiviste 0,5l, Unit Price: 5,49 €, Comparison Price: 10,58 €/l
Product: ZERoh! Juicy Pineapple Juomatiiviste 0,8l, Unit Price: 3,19 €, Comparison Price: 3,74 €/l
Product: Rainbow gluteeniton riisipiirakka 6 kpl/360 g pakaste, Unit Price: 2,99 €, Comparison Price: 8,31 €/kg
Product: Moilas Gluten-Free Kiviarinarieska 3kpl/210g gluteeniton pakaste, Unit Price: 2,99 €, Comparison Price: 14,24 €/kg
Product: Makula Kana-Barbeque Sandwich 225 g, Unit Price: 4,15 €, Comparison Price: 18,44 €/kg
Product: Bonne Aprikoosisose 0,5L, Unit Price: 1,50 €, Comparison Price: 3,00 €/l
Product: Fria Viipaloitu limppu 500g gluteeniton pakaste viipaloitu, Unit Price: 3,39 €, Comparison Price: 6,78 €/kg
Product: Raffini taskukampa, Unit Price: 0,95 €, Comparison Price: 
Product: Raffini supersoft hiuslenkki 6kpl musta, Unit Price: 1,95 €, Comparison Price: 0,33 €/kpl
Product: Cailap kampa taskukokoinen 6kpl, Unit Price: 1,80 €, Comparison Price: 0,30 €/kpl
Product: Raffini piikkikampa, Unit Price: 1,20 €, Comparison Price: 
Product: Raffini hiuslenkki musta pyöreä 10kpl, Unit Price: 1,95 €, Comparison Price: 0,20 €/kpl
Product: Raffini hiusharja, Unit Price: 3,95 €, Comparison Price: 
Product: Cailap Pehmohiuslenkkisetti musta 6kpl, Unit Price: 2,90 €, Comparison Price: 0,48 €/kpl
Product: Raffini hiuslenkki musta ohut 15 kpl, Unit Price: 1,95 €, Comparison Price: 0,13 €/kpl
Product: Raffini hiusharja Delfiini, Unit Price: 2,95 €, Comparison Price: 
Product: Kampamies EKO pieni selvityskampa, Unit Price: 2,50 €, Comparison Price: 
Product: Cailap Selvityskampa, Unit Price: 1,90 €, Comparison Price: 
Product: Kampamies yleiskampa tiheä/harva 2kpl, Unit Price: 2,15 €, Comparison Price: 1,08 €/kpl
Product: Cailap Stretch-panta musta, Unit Price: 3,90 €, Comparison Price: 
Product: Raffini silikonihiuslenkki 500 kpl m/k, Unit Price: 2,90 €, Comparison Price: 0,01 €/kpl
Product: Cailap Lankadonitsi musta 2 kpl, Unit Price: 2,90 €, Comparison Price: 1,45 €/kpl
Product: Cailap pyöröharja ekologinen vehnäkuitu-muovi, Unit Price: 4,95 €, Comparison Price: 
Product: Ibero Hiuslenkki musta vieteri 5kpl, Unit Price: 2,90 €, Comparison Price: 0,58 €/kpl
Product: Raffini takuntaltuttajaharja, Unit Price: 4,95 €, Comparison Price: 
Product: Ibero Hiusharja tupeeraus, Unit Price: 4,50 €, Comparison Price: 
Product: Willkem BIO Hiusharja, Iso ovaali, Unit Price: 6,90 €, Comparison Price: 
Product: Raffini hiuslenkki beige ohut 15kpl, Unit Price: 1,95 €, Comparison Price: 0,13 €/kpl
Product: WE CARE ICON. Detangling Comb varsikampa, Unit Price: 3,90 €, Comparison Price: 
Product: WE CARE ICON. Mini Round Brush pyöröharja, Unit Price: 5,90 €, Comparison Price: 
Product: Cailap Pehmohiuslenkit 6kpl, beige/koralli/persikka, Unit Price: 3,15 €, Comparison Price: 0,53 €/kpl
Product: Mocktail Mojito 0,0% 0,33l, Unit Price: 1,49 €, Comparison Price: 4,06 €/l
Product: Karl Fazer vaaleamaitosuklaa suklaalevy 200g, Unit Price: 3,45 €, Comparison Price: 17,25 €/kg
Product: Chef Lundén Kinkku-juustopatonki 200g, Unit Price: 3,39 €, Comparison Price: 16,95 €/kg
Product: Vanajan Kaurakeksi 350g, Unit Price: 2,39 €, Comparison Price: 6,83 €/kg
Product: Kantolan Kaurakeksi 300g, Unit Price: 2,29 €, Comparison Price: 7,63 €/kg
Product: Leivon Kauralastu 250g pikkuleipä, Unit Price: 2,19 €, Comparison Price: 8,76 €/kg
Product: Rainbow maitosuklaa-kaurakeksi 300g, Unit Price: 1,59 €, Comparison Price: 5,30 €/kg
Product: Fazer Jyväshyvä Kaurakeksi 100% kauraa 350g, Unit Price: 3,09 €, Comparison Price: 8,83 €/kg
Product: Vanajan Suklaakaurakeksi 300 g, Unit Price: 2,59 €, Comparison Price: 8,63 €/kg
Product: Leivon Kauralastu suklainen 300g, Unit Price: 3,05 €, Comparison Price: 10,17 €/kg
Product: Gullón Kaura-appelsiini 180g Gluteeniton, Unit Price: 1,89 €, Comparison Price: 10,50 €/kg
Product: Hilda Mummon Rapeat kauralastut, Unit Price: 4,35 €, Comparison Price: 7,91 €/kg
Product: Tasangon kaurahyve tuplasuklaapikkuleipä 100% kaura 300g, Unit Price: 2,69 €, Comparison Price: 8,97 €/kg
Product: Gullón Chip choco 130g Gluteeniton, Unit Price: 1,85 €, Comparison Price: 14,23 €/kg
Product: Kantolan Kaurakeksi suklaakeksi 200g, Unit Price: 2,35 €, Comparison Price: 11,75 €/kg
Product: Fazer Korvapuustikeksi 270g, Unit Price: 2,49 €, Comparison Price: 9,22 €/kg
Product: Kantolan gluteeniton kaurakeksi 160g, Unit Price: 4,29 €, Comparison Price: 26,81 €/kg
Product: Fazer Jyväshyvä kaneli kardemumma keksi 320g, Unit Price: 3,09 €, Comparison Price: 9,66 €/kg
Product: Tasangon kaurahyve omena-kanelipikkuleipä 100% kaura 300g, Unit Price: 2,69 €, Comparison Price: 8,97 €/kg
Product: Semper Gluteeniton Kaurakeksi, Unit Price: 3,49 €, Comparison Price: 23,27 €/kg
Product: Tasangon kaurahyve vadelma-valkosuklaapikkuleipä 100% kaura 300g, Unit Price: 2,85 €, Comparison Price: 9,50 €/kg
Product: Leivon Kauralastu marjamix  250g pikkuleipä, Unit Price: 2,25 €, Comparison Price: 9,00 €/kg
Product: Kantolan gluteeniton kaurakeksi suklaa 150g, Unit Price: 4,15 €, Comparison Price: 27,67 €/kg
Product: Gullón Kaurakeksi 410g Ei lisättyä sokeria, Unit Price: 2,49 €, Comparison Price: 6,07 €/kg
Product: Gille sokeriton appelsiinikeksi 160g appelsiinin makuinen keksi, Unit Price: 2,39 €, Comparison Price: 14,94 €/kg
Product: Porokylän O´love Kauramustikkakeksi 160 g gluteeniton, Unit Price: 3,09 €, Comparison Price: 19,31 €/kg
Product: Porokylän O´love toffee-merisuolakeksi 150 g gluteeniton, Unit Price: 3,09 €, Comparison Price: 20,60 €/kg
Product: Sydän kynttilä 10x9x5 cm vaal.punainen, Unit Price: 3,90 €, Comparison Price: 
Product: Havi pöytäkynttilä pioni 7x12cm 1kpl 50 h, Unit Price: 3,19 €, Comparison Price: 
Product: Havi pöytäkynttilä valkoinen 7cmx12cm 1kpl 50 h, Unit Price: 3,19 €, Comparison Price: 
Product: Rainbow pöytäkynttilä vaaleanpunainen 60x100mm, Unit Price: 1,85 €, Comparison Price: 
Product: Rainbow valkoinen pöytäkynttilä 8 kpl, 5x7cm, Unit Price: 6,85 €, Comparison Price: 0,86 €/kpl
Product: Rainbow valkoinen pöytäkynttilä 1 kpl 6x10cm, Unit Price: 1,85 €, Comparison Price: 
Product: Havi pöytäkynttilä puuteri 7cmx15cm 1kpl 70h, Unit Price: 3,99 €, Comparison Price: 
Product: HANSA 8x8/10/12cm pöytäkynttilä mix valkoinen, Unit Price: 5,75 €, Comparison Price: 1,92 €/kpl
Product: Havi pöytäkynttilä magnolia 7x12cm 1kpl 50 h, Unit Price: 3,19 €, Comparison Price: 
Product: Rainbow pöytäkynttilä persikka 60x100mm, Unit Price: 1,85 €, Comparison Price: 
Product: Bolsius Pilari kynttilä 200/100 ce1 White, Unit Price: 8,45 €, Comparison Price: 
Product: Duni 15x7cm 62h valkoinen pöytäkynttilä x 12, Unit Price: 2,95 €, Comparison Price: 
Product: Rainbow pöytäkynttilä 60x100mm shampanja, Unit Price: 1,85 €, Comparison Price: 
Product: Havi pöytäkynttilä Samppanja 7x15cm 1kpl 70h, Unit Price: 3,65 €, Comparison Price: 
Product: Duni 15x7cm 62h pehmeä pinkki pöytäkynttilä x 12, Unit Price: 2,95 €, Comparison Price: 
Product: Bolsius RUSTIIKKI PK 80/68 MISTY PINK, Unit Price: 2,79 €, Comparison Price: 
Product: Bolsius RUSTIIKKI PK 130/68 CLOUDY WHITE, Unit Price: 3,79 €, Comparison Price: 
Product: Bolsius Rustiikkikynttilät 190/68 Cloudy White, Unit Price: 5,75 €, Comparison Price: 
Product: Bolsius Pillar candle 100/50 Rustic Cloudy White, Unit Price: 2,29 €, Comparison Price: 
Product: Rainbow pöytäkynttilä koivunvihreä 60x100mm, Unit Price: 1,85 €, Comparison Price: 
Product: Havi pöytäkynttilä 70x150 Valkoinen 70h, Unit Price: 3,65 €, Comparison Price: 
Product: Havi pöytäkynttilä nougat 7x12cm 1kpl 50 h, Unit Price: 3,19 €, Comparison Price: 
Product: Havi 1kpl 70x120mm shampanja  pöytäkynttilä 50 h, Unit Price: 3,19 €, Comparison Price: 
Product: Duni 15x7cm 62h lehdenvihreä pöytäkynttilä x 12, Unit Price: 2,95 €, Comparison Price: 
Product: House varrastikku 10 kpl, Unit Price: 8,95 €, Comparison Price: 0,89 €/kpl
Product: Rainbow 100g pikakahvi, Unit Price: 2,95 €, Comparison Price: 29,50 €/kg
Product: Nescafé Brasero 100g pikakahvi, Unit Price: 3,15 €, Comparison Price: 31,50 €/kg
Product: Nescafé Original 100g pikakahvi, Unit Price: 3,79 €, Comparison Price: 37,90 €/kg
Product: Rainbow 100g Reilun kaupan pikakahvi luomu, Unit Price: 3,19 €, Comparison Price: 31,90 €/kg
Product: Nescafé Kulta 180g pikakahvi täyttöpussi, Unit Price: 7,65 €, Comparison Price: 42,50 €/kg
Product: Xtra pikakahvi 200 g, Unit Price: 3,99 €, Comparison Price: 19,95 €/kg
Product: Nescafé Kulta 275g pikakahvi pussi, Unit Price: 11,29 €, Comparison Price: 41,05 €/kg
Product: Änglamark pikakahvi kofeiiniton luomu 100 g, Unit Price: 4,39 €, Comparison Price: 43,90 €/kg
Product: Nescafé Brasero 180g pikakahvi pussi, Unit Price: 5,69 €, Comparison Price: 31,61 €/kg
Product: Nescafé Kulta 100g pikakahvi, Unit Price: 4,99 €, Comparison Price: 49,90 €/kg
Product: Clipper Luomu Reilun kaupan Pakastekuivattu pikakahvi, keskipaahto 100g, Unit Price: 6,39 €, Comparison Price: 63,90 €/kg
Product: Nescafé Classic 3in1 10kpl/165g erikoispikakahvi annospussi, Unit Price: 3,50 €, Comparison Price: 21,21 €/kg
Product: Nescafé Kulta 100g Tumma paahto pikakahvi purkki, Unit Price: 4,99 €, Comparison Price: 49,90 €/kg
Product: Nescafé Original 180g pikakahvi täyttöpussi, Unit Price: 6,79 €, Comparison Price: 37,72 €/kg
Product: Pikakahvi freeze-dried 2g pussi - 50 pussia/laatikko, Unit Price: 0,20 €, Comparison Price: 100,00 €/kg
Product: Kulta Katriina pikakahvi RAC 100g, Unit Price: 4,30 €, Comparison Price: 43,00 €/kg
Product: Xtra pikacappuccino juomavalmiste 250 g, Unit Price: 2,45 €, Comparison Price: 9,80 €/kg
Product: Nescafé Kulta 200g pikakahvi, Unit Price: 9,15 €, Comparison Price: 45,75 €/kg
Product: Kulta Katriina pikakahvi RAC 180g, Unit Price: 6,85 €, Comparison Price: 38,06 €/kg
Product: Nescafé Gold 100g kofeiiniton pikakahvi, Unit Price: 6,65 €, Comparison Price: 66,50 €/kg
Product: Carrefour Bio Café soluble Amérique Latine Pur Arabica pikakahvi 100 g, Unit Price: 4,90 €, Comparison Price: 49,00 €/kg
Product: Löfbergs Fair Fresh Instant pikakahvi 100 g Reilukauppa Luomu, Unit Price: 6,89 €, Comparison Price: 68,90 €/kg
Product: Jacobs Krönung 100 g, pakastekuivattu pikakahvi lasipurkissa, Unit Price: 5,45 €, Comparison Price: 54,50 €/kg
Product: Löfbergs Kofeiiniton pikakahvi 80 g Rainforest Alliance, Unit Price: 6,65 €, Comparison Price: 83,13 €/kg
Product: Fazer Gluteeniton Kaura-porkkanasämpylä 4kpl 280g, kypsäpakaste, Unit Price: 3,75 €, Comparison Price: 13,39 €/kg
Product: Moilas 2kpl/160g gluteeniton Hampurilaissämpylä pakaste, Unit Price: 2,99 €, Comparison Price: 18,69 €/kg
Product: Taffel Broadway sourcream & onion maustettu sipsi 325g, Unit Price: 2,89 €, Comparison Price: 8,89 €/kg
Product: Taffel Chips classic suolattu sipsi 305g, Unit Price: 3,09 €, Comparison Price: 10,13 €/kg
Product: Taffel Sips suolattu sipsi 325g, Unit Price: 2,89 €, Comparison Price: 8,89 €/kg
Product: Estrella Sriracha Mayo sipsi 275g, Unit Price: 2,99 €, Comparison Price: 10,87 €/kg
Product: PRINGLES Sour Cream & Onion 185g, Unit Price: 2,69 €, Comparison Price: 14,54 €/kg
Product: Estrella Herkku Original Perunalastut 275g, Unit Price: 2,99 €, Comparison Price: 10,87 €/kg
Product: Estrella Maalaissipsi Merisuola 180g, Unit Price: 2,99 €, Comparison Price: 16,61 €/kg
Product: Taffel Grills grillimaustettu sipsi 325g, Unit Price: 2,89 €, Comparison Price: 8,89 €/kg
Product: Estrella Manhattan Sourcream & Onion Sipsi 275g, Unit Price: 2,99 €, Comparison Price: 10,87 €/kg
Product: Estrella Salt & Vinegar Sipsi 275g, Unit Price: 2,99 €, Comparison Price: 10,87 €/kg
Product: PRINGLES Original 185g, Unit Price: 2,59 €, Comparison Price: 14,00 €/kg
Product: PRINGLES Paprika 185g, Unit Price: 2,69 €, Comparison Price: 14,54 €/kg
Product: Estrella Ruskistettu voi & Chili sipsi 275g, Unit Price: 2,99 €, Comparison Price: 10,87 €/kg
Product: Xtra suolatut perunalastut 250 g, Unit Price: 1,69 €, Comparison Price: 6,76 €/kg
Product: Taffel Broadway sourcream & onion maustettu sipsi 75g, Unit Price: 1,19 €, Comparison Price: 15,87 €/kg
Product: Taffel Salt & Vinegar maustettu sipsi 145g, Unit Price: 1,89 €, Comparison Price: 13,03 €/kg
Product: Xtra sour cream & onion perunalastut 250 g, Unit Price: 1,69 €, Comparison Price: 6,76 €/kg
Product: Estrella Karamellisoitu Punasipuli Sipsi 275g, Unit Price: 2,99 €, Comparison Price: 10,87 €/kg
Product: Estrella Sourcream & Ranch Sipsi 275g, Unit Price: 2,99 €, Comparison Price: 10,87 €/kg
Product: Taffel Broadway sourcream & onion maustettu sipsi 150g, Unit Price: 1,89 €, Comparison Price: 12,60 €/kg
Product: Taffel Sips suolattu sipsi 145g, Unit Price: 1,89 €, Comparison Price: 13,03 €/kg
Product: Oikia Vuoriston Venla Perunalastu 350g, Unit Price: 2,79 €, Comparison Price: 7,97 €/kg
Product: Taffel Sips suolattu sipsi 75g, Unit Price: 1,19 €, Comparison Price: 15,87 €/kg
Product: Lay's suolattu perunalastu 175g, Unit Price: 2,39 €, Comparison Price: 13,66 €/kg
Product: Chef Lundén Kana-caesarpatonki 200g, Unit Price: 3,39 €, Comparison Price: 16,95 €/kg
Product: Xtra valkosipulitäytteinen patonki 350 g 2 kpl pakaste, Unit Price: 1,15 €, Comparison Price: 3,29 €/kg
Product: Rainbow Sitrus light virvoitusjuoma 1,5l, Unit Price: 1,65 €, Comparison Price: 0,83 €/l
Product: Rainbow Sitrus virvoitusjuoma 1,5 l kmp, Unit Price: 1,65 €, Comparison Price: 0,83 €/l
Product: Laitilan Limone 0,33L limetinmakuinen limonaadi, Unit Price: 1,19 €, Comparison Price: 3,15 €/l
Product: Rainbow Sitrus virvoitusjuoma 0,5 l kmp, Unit Price: 0,99 €, Comparison Price: 1,58 €/l
Product: Rainbow Sitrus sokeriton virvoitusjuoma 0,5l, Unit Price: 0,95 €, Comparison Price: 1,50 €/l
Product: Fanta Sitruuna Zero virvoitusjuoma muovipullo 1,5 L, Unit Price: 2,69 €, Comparison Price: 1,53 €/l
Product: Laitilan Messina 0,33L veriappelsiininmakuinen limonaadi, Unit Price: 1,19 €, Comparison Price: 3,15 €/l
Product: Sprite Sitruuna-Lime virvoitusjuoma muovipullo 1,5 L, Unit Price: 3,39 €, Comparison Price: 1,99 €/l
Product: Laitilan Sitruunasooda 0,33L sitruunanmakuinen limonaadi, Unit Price: 1,19 €, Comparison Price: 3,15 €/l
Product: Sprite Zero Sugar Sitruuna-Lime virvoitusjuoma muovipullo 1,5 L, Unit Price: 2,95 €, Comparison Price: 1,70 €/l
Product: 24-pack Sprite Zero Sugar Sitruuna-Lime virvoitusjuoma muovipullo 0,33 L, Unit Price: 13,49 €, Comparison Price: 1,40 €/l
Product: 7UP Zero Sugar virvoitusjuoma 1,5 l, Unit Price: 2,85 €, Comparison Price: 1,63 €/l
Product: 6 x 7UP Zero Sugar virvoitusjuoma 0,33 l, Unit Price: 4,65 €, Comparison Price: 1,89 €/l
Product: Rainbow Greippi virvoitusjuoma 0,5l, Unit Price: 1,09 €, Comparison Price: 1,78 €/l
Product: Mountain Dew No Sugar virvoitusjuoma 0,5 l, Unit Price: 2,35 €, Comparison Price: 4,30 €/l
Product: 24-pack Fanta Sitruuna Zero virvoitusjuoma muovipullo 0.33 L, Unit Price: 13,49 €, Comparison Price: 1,40 €/l
Product: Mountain Dew No Sugar virvoitusjuoma 1,5 l, Unit Price: 3,59 €, Comparison Price: 2,13 €/l
Product: Rainbow Greippi virvoitusjuoma 1,5l, Unit Price: 2,35 €, Comparison Price: 1,30 €/l
Product: Hartwall Jaffa Greippi Sokeriton virvoitusjuoma 1,5 l, Unit Price: 2,99 €, Comparison Price: 1,73 €/l
Product: 6-pack Sprite Zero virvoitusjuoma tölkki 0.33 L, Unit Price: 4,69 €, Comparison Price: 1,91 €/l
Product: Sprite Zero Sugar Sitruuna-Lime virvoitusjuoma muovipullo 0,5 L, Unit Price: 2,19 €, Comparison Price: 3,98 €/l
Product: 7UP Zero Sugar virvoitusjuoma 0,5 l, Unit Price: 2,19 €, Comparison Price: 3,98 €/l
Product: 6 x Mountain Dew No Sugar virvoitusjuoma 0,33 l, Unit Price: 5,89 €, Comparison Price: 2,52 €/l
Product: Mountain Dew Supernova virvoitusjuoma 0,33 l, Unit Price: 1,59 €, Comparison Price: 4,36 €/l
Product: Erisan Hajusteeton hiuskiinne Extra Strong 250ml, Unit Price: 4,29 €, Comparison Price: 17,16 €/l
Product: Wella Wellaflex Hairspray Flexible Extra Strong Hold 4 hiuskiinne 75 ml, Unit Price: 2,99 €, Comparison Price: 39,87 €/l
Product: OSIS+ Session Erittäin voimakas hiuskiinne 500ml, Unit Price: 11,50 €, Comparison Price: 23,00 €/l
Product: mjuuk hairspray strong hiuskiinne 250 ml, Unit Price: 6,49 €, Comparison Price: 25,96 €/l
Product: mjuuk hairspray strong hiuskiinne 50 ml, Unit Price: 3,49 €, Comparison Price: 69,80 €/l
Product: OSIS+  Session Erittäin voimakas hiuskiinne 100ml, Unit Price: 5,95 €, Comparison Price: 59,50 €/l
Product: got2b Glued Blasting Freeze hiuskiinne  300ml, Unit Price: 5,89 €, Comparison Price: 19,63 €/l
Product: Erisan Hajusteeton Hiuskiinne Elastic 250 ml, Unit Price: 4,29 €, Comparison Price: 17,16 €/l
Product: Erisan Hajusteeton hiuskiinne Extra Strong 50ml, Unit Price: 2,19 €, Comparison Price: 43,80 €/l
Product: TRESemmé Extra Hold Hiuslakka Voimakas pito 100 ml, Unit Price: 1,99 €, Comparison Price: 19,90 €/l
Product: Prosec palovaroitin, sis. 9 V pariston, Unit Price: 5,95 €, Comparison Price: 
Product: Wella Wellaflex Hairspray Flexible Extra Strong Hold 4 hiuskiinne 250 ml, Unit Price: 3,99 €, Comparison Price: 15,96 €/l
Product: SafeMate optinen palovaroitin 10 vuoden paristolla, Unit Price: 11,90 €, Comparison Price: 
Product: LV 300ml Hiuskiinne, extra strong, Unit Price: 4,59 €, Comparison Price: 15,30 €/l
Product: Housegard SA700 Pebble optinen palovaroitin, Unit Price: 8,95 €, Comparison Price: 
Product: got2b Mini Glued hiuskiinne 100ml, Unit Price: 2,99 €, Comparison Price: 29,90 €/l
Product: Prosec magneettikiinnike varoittimelle, Unit Price: 2,20 €, Comparison Price: 
Product: Wella Wellaflex Hairspray Ultra Strong Flexible Hold 5 hiuskiinne 250 ml, Unit Price: 4,99 €, Comparison Price: 19,96 €/l
Product: Housegard optinen palovaroitin Pebble 10v SA701, Unit Price: 19,90 €, Comparison Price: 
Product: OSIS+ Freeze Voimakas hiuskiinne 500ml, Unit Price: 11,50 €, Comparison Price: 23,00 €/l
Product: Wella Classic Hairspray ultra strong hold 5 hiuskiinne 400 ml, Unit Price: 4,89 €, Comparison Price: 12,22 €/l
Product: Prosec palovaroitin SK20-01 mini, Unit Price: 21,90 €, Comparison Price: 
Product: OSIS+Freeze Voimakas hiuskiinne 300ml, Unit Price: 9,49 €, Comparison Price: 31,63 €/l
Product: Tarmo häkävaroitin, Unit Price: 18,95 €, Comparison Price: 
Product: XZ 250ml Hiuskiinne, Unit Price: 3,89 €, Comparison Price: 15,56 €/l
Product: Airam häkävaroitin näytöllä, Unit Price: 28,90 €, Comparison Price: 
Product: Herbina 50ml Hajusteeton hiuskiinne, Unit Price: 1,95 €, Comparison Price: 39,00 €/l
Product: Housegard Pebble Mini optinen palovaroitin SA702, Unit Price: 16,90 €, Comparison Price: 
Product: Wella Classic Hairspray extra strong hold 4 hiuskiinne 400 ml, Unit Price: 4,89 €, Comparison Price: 12,22 €/l
Product: Airam ketjutettava optinen palovaroitin, Unit Price: 21,95 €, Comparison Price: 
Product: Herbina 250ml Sensitive hiuskiinne erittäin voimakas hajusteeton, Unit Price: 4,15 €, Comparison Price: 16,60 €/l
Product: Housegard häkävaroitin näytöllä CA107, Unit Price: 32,90 €, Comparison Price: 
Product: mjuuk hairspray medium hiuskiinne 250 ml, Unit Price: 6,49 €, Comparison Price: 25,96 €/l
Product: Safemate palovaroitin optinen, sarjaankytkettävä, Unit Price: 19,90 €, Comparison Price: 
Product: Wella Wellaflex 250ml Shiny Hold Hiuskiinne, Unit Price: 4,99 €, Comparison Price: 19,96 €/l
Product: Prosec häkävaroitin C11-L, Unit Price: 26,90 €, Comparison Price: 
Product: LV 100ml Hiuskiinne, extra strong, Unit Price: 2,89 €, Comparison Price: 28,90 €/l
Product: Tarmo häkävaroitin näytöllä, Unit Price: 22,90 €, Comparison Price: 
Product: Tarmo palovaroitin optinen 220-240 V AC, Unit Price: 19,95 €, Comparison Price: 
Product: Prosec palovaroitin 10 v. paristo Tbjbs0210v, Unit Price: 12,90 €, Comparison Price: 
Product: Housegard Pebble Link langaton optinen palovaroitin SA703 1-pack, Unit Price: 36,90 €, Comparison Price: 
Product: Housegard Pebble Link langaton optinen palovaroitin  SA703 2-pack, Unit Price: 69,90 €, Comparison Price: 34,95 €/kpl
Product: Airam Smart palovaroitin, Unit Price: 39,90 €, Comparison Price: 
Product: Airam Smart vesivuotohälytin, Unit Price: 39,90 €, Comparison Price: 
Product: Airam Smart ovi- ja ikkuna-anturi, Unit Price: 21,90 €, Comparison Price: 
Product: Tarmo Häkävaroitin 10 vuoden paristolla, Unit Price: 28,90 €, Comparison Price: 
Product: Rainbow tomaattimehu 1l, Unit Price: 1,99 €, Comparison Price: 1,99 €/l
Product: Marli Natur Tomaattimehu 100% 1L, Unit Price: 2,65 €, Comparison Price: 2,65 €/l
Product: Biotta Porkkanatäysmehu 1L luomu, Unit Price: 5,85 €, Comparison Price: 5,85 €/l
Product: Voelkel luomupunajuurimehu, maitohappokäytetty, demeter 0,5l, Unit Price: 2,69 €, Comparison Price: 5,38 €/l
Product: Rainbow hedelmä-porkkanatäysmehu 1l, Unit Price: 2,29 €, Comparison Price: 2,29 €/l
Product: Voelkel Möhren Saft demeter 500ml, Unit Price: 2,69 €, Comparison Price: 5,38 €/l
Product: Voelkel Luomutomaattimehu ruususuolalla demeter 0,5l, Unit Price: 2,49 €, Comparison Price: 4,98 €/l
Product: Voelkel Gemüse Balance demeter 750ml, Unit Price: 4,15 €, Comparison Price: 5,53 €/l
Product: Coop hedelmä-porkkanatäysmehu 1 l, Unit Price: 2,29 €, Comparison Price: 2,29 €/l
Product: Coop tomaattitäysmehu 1 l, Unit Price: 1,99 €, Comparison Price: 1,99 €/l
Product: Atria porsaan ribs palvelutiski Pakastettu, Unit Price: 8,90 €, Comparison Price: 
Product: Weber 30 cm Kolmio Grilliharja, Unit Price: 18,95 €, Comparison Price: 
Product: Moilas Gluten-Free Tumma Pyöreä 3 kpl 240 g, kypsä pakaste, Unit Price: 2,85 €, Comparison Price: 11,88 €/kg
Product: Hartwall Novelle Plus Sinkki + E 0,5 l, Unit Price: 2,45 €, Comparison Price: 4,50 €/l
Product: Hartwall Novelle Plus Multi B+C 0,5 l, Unit Price: 2,45 €, Comparison Price: 4,50 €/l
Product: Hartwall Novelle Plus Sinkki + E 1,5 l, Unit Price: 3,35 €, Comparison Price: 1,97 €/l
Product: Rainbow vadelma B + C-vitamiini hiilihapotettu juoma 1,5l, Unit Price: 1,99 €, Comparison Price: 1,06 €/l
Product: Rainbow vadelma B + C-vitamiini hiilihapotettu juoma 0,5l, Unit Price: 1,05 €, Comparison Price: 1,70 €/l
Product: Rainbow aprikoosi-jasmiini sinkki + E-vitamiini hiilihapotettu juoma 1,5l, Unit Price: 1,99 €, Comparison Price: 1,06 €/l
Product: Hartwall Novelle Plus MultiB+C 1,5 l, Unit Price: 3,35 €, Comparison Price: 1,97 €/l
Product: Hartwall Novelle Plus Kofeiini + B 0,5 l, Unit Price: 2,45 €, Comparison Price: 4,50 €/l
Product: 12 x Hartwall Novelle Plus Multi B+C 0,33 l, Unit Price: 9,95 €, Comparison Price: 2,06 €/l
Product: 12 x Hartwall Novelle Plus Sinkki + E 0,33 l, Unit Price: 9,95 €, Comparison Price: 2,06 €/l
Product: Rainbow mango hiilihapotettu juoma B6 + B12-vitamiini 0,5l, Unit Price: 1,05 €, Comparison Price: 1,70 €/l
Product: Rainbow päärynä magnesium + C-vitamiini hiilihapotettu juoma 0,5l, Unit Price: 1,05 €, Comparison Price: 1,70 €/l
Product: Rainbow mango hiilihapotettu juoma B6 + B12-vitamiini 1,5l, Unit Price: 1,99 €, Comparison Price: 1,06 €/l
Product: Hartwall Novelle Plus C + Kollageeni + Biotiini  0,5 l, Unit Price: 2,45 €, Comparison Price: 4,50 €/l
Product: Rainbow aprikoosi-jasmiini sinkki + E-vitamiini hiilihapotettu juoma 0,5l, Unit Price: 1,05 €, Comparison Price: 1,70 €/l
Product: Kotimaista mansikka-raparperi Mg + foolihappo hiilihapotettu juoma 1,5l, Unit Price: 2,25 €, Comparison Price: 1,23 €/l
Product: Hartwall Novelle Plus C + kollageeni + biotiini  1,5 l, Unit Price: 3,35 €, Comparison Price: 1,97 €/l
Product: Rainbow päärynä magnesium + C-vitamiini hiilihapotettu juoma 1,5l, Unit Price: 1,99 €, Comparison Price: 1,06 €/l
Product: Villi Vitamiinivesi sitruuna-inkivääri 0,5 l, Unit Price: 1,99 €, Comparison Price: 3,58 €/l
Product: Villi Vitamiinivesi vadelma-mustikka 0,5 l, Unit Price: 1,99 €, Comparison Price: 3,58 €/l
Product: 500ml Vitamin Well Reload, sitruunan & limen makuinen, vitaminoitu hiilihapoton juoma, Unit Price: 2,75 €, Comparison Price: 5,10 €/l
Product: KevytOlo Koivunmahla-minttu 0,95 l kmp, Unit Price: 2,29 €, Comparison Price: 2,20 €/l
Product: Villi Vitamiinivesi mango-magnesium 0,5 l, Unit Price: 1,99 €, Comparison Price: 3,58 €/l
Product: Hartwall Novelle Plus Kromi + Sinkki 1,5 l, Unit Price: 3,35 €, Comparison Price: 1,97 €/l
Product: Kokkikartano Lohikiusaus 700g, Unit Price: 6,55 €, Comparison Price: 9,36 €/kg
Product: Kotimaista Kirjolohikiusaus 300g, Unit Price: 1,89 €, Comparison Price: 6,30 €/kg
Product: Kokkikartano Kinkkukiusaus 700g, Unit Price: 6,55 €, Comparison Price: 9,36 €/kg
Product: Kotimaista Kinkkukiusaus 300g, Unit Price: 1,89 €, Comparison Price: 6,30 €/kg
Product: Kokkikartano Savuporokiusaus 650g, Unit Price: 6,55 €, Comparison Price: 10,08 €/kg
Product: Kokkikartano  Kinkku-AURA®juustokiusaus 650g, Unit Price: 6,55 €, Comparison Price: 10,08 €/kg
Product: Kokkikartano Savulohikiusaus 300g, Unit Price: 3,65 €, Comparison Price: 12,17 €/kg
Product: Kokkikartano Janssonin kiusaus 700g, Unit Price: 6,55 €, Comparison Price: 9,36 €/kg
Product: Saarioinen Syömme Yhdessä Lohikiusaus 650g, Unit Price: 5,99 €, Comparison Price: 9,22 €/kg
Product: Kokkikartano Feta-kasviskiusaus 300g, Unit Price: 3,65 €, Comparison Price: 12,17 €/kg
Product: Kokkikartano Broilerikiusaus 700g, Unit Price: 6,55 €, Comparison Price: 9,36 €/kg
Product: Kokkikartano Jauhelihakiusaus 700g, Unit Price: 6,55 €, Comparison Price: 9,36 €/kg
Product: Saarioinen Syömme Yhdessä Kinkkukiusaus 650g, Unit Price: 5,99 €, Comparison Price: 9,22 €/kg
Product: Kokkikartano Kinkkukiusaus 300g, Unit Price: 3,65 €, Comparison Price: 12,17 €/kg
Product: Saarioinen Jauhelihakiusaus 650g, Unit Price: 5,99 €, Comparison Price: 9,22 €/kg
Product: Hiiltä sisältävä kangasnaamio, Unit Price: 1,89 €, Comparison Price: 75,60 €/l
Product: Pap Star Kakkukynttilä 24kpl, Unit Price: 0,79 €, Comparison Price: 0,03 €/kpl
Product: Bolsius True Scents – huonetuoksu – Vanilla – 60 ml, Unit Price: 3,95 €, Comparison Price: 65,83 €/l
Product: Rainbow iso öljykynttilä 110 h, Unit Price: 1,75 €, Comparison Price: 
Product: Carrefour kakkukynttilä valkoinen 20 kpl, Unit Price: 1,15 €, Comparison Price: 0,06 €/kpl
Product: Rainbow öljykynttilä pieni 2kpl, Unit Price: 1,99 €, Comparison Price: 1,00 €/kpl
Product: Bolsius True Scents – huonetuoksu – Fresh Cotton – 60 ml, Unit Price: 3,95 €, Comparison Price: 65,83 €/l
Product: Rainbow pieni öljykynttilä 5 kpl 48-50 h, Unit Price: 3,95 €, Comparison Price: 0,79 €/kpl
Product: Bolsius True Scents – huonetuoksu – Granaattiomena – 60 ml, Unit Price: 3,95 €, Comparison Price: 65,83 €/l
Product: Bolsius Iso lyhtykynttilä 7 Valkoinen, Unit Price: 3,29 €, Comparison Price: 
Product: Amscan kakkukynttilä kullanvärinen 10kpl, Unit Price: 2,05 €, Comparison Price: 0,21 €/kpl
Product: Carrefour kakkukynttilä sininen 20 kpl, Unit Price: 1,15 €, Comparison Price: 0,06 €/kpl
Product: Rainbow iso öljykynttilä 5 kpl 110 h, Unit Price: 7,55 €, Comparison Price: 1,51 €/kpl
Product: Bolsius True Scents – huonetuoksu – Mango – 60 ml, Unit Price: 3,95 €, Comparison Price: 65,83 €/l
Product: Havi kakkukynttilä 95mm 10kpl 1/4 h, Unit Price: 4,15 €, Comparison Price: 0,42 €/kpl
Product: Amscan kakkukynttilä hopeanvärinen 10kpl, Unit Price: 2,05 €, Comparison Price: 0,21 €/kpl
Product: Bolsius Pieni öljykynttilä Valkoinen, Unit Price: 0,95 €, Comparison Price: 
Product: Kakkukynttilät ja pidikkeet 10 kpl kulta/mustavalkoinen, Unit Price: 4,75 €, Comparison Price: 0,48 €/kpl
Product: Bolsius Iso öljykynttilä Valkoinen, Unit Price: 1,85 €, Comparison Price: 
Product: Bolsius tuoksutikut 60ml true scents peach, Unit Price: 3,95 €, Comparison Price: 65,83 €/l
Product: Huonetuoksu Freedom Breath 100ml, 5 rottinki tikut, Unit Price: 5,25 €, Comparison Price: 52,50 €/l
Product: Bolsius True Scents – huonetuoksu – Lavender – 60 ml, Unit Price: 3,95 €, Comparison Price: 65,83 €/l
Product: Havi kevät lahjapakkaus 1kpl (sis. kynttilät ja lautasliinat), Unit Price: 12,90 €, Comparison Price: 3,23 €/kpl
Product: Huonetuoksu 100ml, 5 rottinki tikut, Unit Price: 5,25 €, Comparison Price: 52,50 €/l
Product: Huonetuoksu Nude 100ml, 5 rottinki tikut, Unit Price: 5,25 €, Comparison Price: 52,50 €/l
Product: Makula 300g Kana-Caesar wrap, Unit Price: 5,69 €, Comparison Price: 18,97 €/kg
Product: Benecol 6x100g mustikka jogurttijuoma, Unit Price: 4,99 €, Comparison Price: 8,32 €/kg
Product: Benecol 6x100g mansikka jogurttijuoma, Unit Price: 4,99 €, Comparison Price: 8,32 €/kg
Product: Danone Activia Mansikkajogurtti 4x125g, Unit Price: 1,99 €, Comparison Price: 3,98 €/kg
Product: Valio Gefilus® OLO™ jogurtti 4x125 g luumu laktoositon, Unit Price: 2,79 €, Comparison Price: 5,58 €/kg
Product: Valio Gefilus® OLO™ jogurtti 4x125 g persikka-vadelma laktoositon, Unit Price: 2,79 €, Comparison Price: 5,58 €/kg
Product: Danone Activia Viljajogurtti 4x125g, Unit Price: 1,99 €, Comparison Price: 3,98 €/kg
Product: Danone Activia Mustikkajogurtti 4x125g, Unit Price: 2,39 €, Comparison Price: 4,78 €/kg
Product: Valio Gefilus® OLO™ jogurtti 4x125 g mansikka laktoositon, Unit Price: 2,79 €, Comparison Price: 5,58 €/kg
Product: Benecol 6x100g persikka jogurttijuoma, Unit Price: 5,19 €, Comparison Price: 8,65 €/kg
Product: Danone Activia Kirsikkajogurtti 4x125g, Unit Price: 2,39 €, Comparison Price: 4,78 €/kg
Product: Benecol 4x115g persikkajogurtti, Unit Price: 3,75 €, Comparison Price: 8,15 €/kg
Product: Danone Activia Mansikkajogurtti - Ei Lisättyä Sokeria 4x125g, Unit Price: 2,39 €, Comparison Price: 4,78 €/kg
Product: Benecol 450g maustamaton kreikkalaistyylinen jogurtti, Unit Price: 3,59 €, Comparison Price: 7,98 €/kg
Product: Danone Activia Persikkajogurtti - Ei Lisättyä Sokeria 4x125g, Unit Price: 2,39 €, Comparison Price: 4,78 €/kg
Product: Benecol 4x115g mansikkajogurtti, Unit Price: 3,75 €, Comparison Price: 8,15 €/kg
Product: Valio Gefilus® OLO™ jogurtti 4x125 g ananas-passio laktoositon, Unit Price: 2,79 €, Comparison Price: 5,58 €/kg
Product: Benecol 450g mango-passionhedelmä kreikkalaistyylinen jogurtti, Unit Price: 3,59 €, Comparison Price: 7,98 €/kg
Product: Danone Activia Sitruunajogurtti 4x125g, Unit Price: 2,39 €, Comparison Price: 4,78 €/kg
Product: Valio Gefilus® OLO™ jogurtti 4x125 g mustikka-vanilja laktoositon, Unit Price: 2,79 €, Comparison Price: 5,58 €/kg
Product: Moilas Gluten-Free Kaura100 palaleipä, halkaistu, 4kpl/340g, kypsäpakaste, Unit Price: 2,95 €, Comparison Price: 8,68 €/kg
Product: Moilas Gluten-Free Tumma Leipä 600g viipaloitu pakaste, Unit Price: 5,49 €, Comparison Price: 9,15 €/kg
Product: Oululainen Reissumies Eväsleipä Kaura Kana-teriyaki 153g, täytetty kauraleipä kana-teriyakimajoneesi-coleslaw, Unit Price: 3,69 €, Comparison Price: 24,12 €/kg
Product: Oululainen Reissumies Eväsleipä Klassikko 160g, täytetty täysjyväruisleipä kinkku-juusto-muna, Unit Price: 3,69 €, Comparison Price: 23,06 €/kg
Product: Chef Lundén Chili-Delikaura™-kolmioleipä 150g, Unit Price: 2,09 €, Comparison Price: 13,93 €/kg
Product: LUX-TOOLS sivellinsetti 3-osainen, Unit Price: 4,95 €, Comparison Price: 1,65 €/kpl
Product: Ellix sivellinsarja 3-osainen, Unit Price: 2,50 €, Comparison Price: 
Product: LUX-TOOLS telapakkaus 18 cm, Unit Price: 5,95 €, Comparison Price: 
Product: Mirka hiomasieni K60/100, Unit Price: 1,70 €, Comparison Price: 
Product: Mäster puuöljysivellin suora 100mm Standard Silver, Unit Price: 7,95 €, Comparison Price: 
Product: LUX-TOOLS maalikaukalo 33 cm x 34 cm, Unit Price: 3,95 €, Comparison Price: 
Product: Mirka Mirox kuivahiomapaperi K120 230x280mm, Unit Price: 0,95 €, Comparison Price: 
Product: Mirka Mirox kuivahiomapaperi K150 230x280mm, Unit Price: 0,95 €, Comparison Price: 
Product: Mäster yleissivellin 50mm Standard Silver, Unit Price: 5,20 €, Comparison Price: 
Product: Mirka Mirox kuivahiomapaperi K180 230x280mm, Unit Price: 0,95 €, Comparison Price: 
Product: Tikkurila terassiöljylasta 24 cm, Unit Price: 10,50 €, Comparison Price: 
Product: Sokeva ulkosivellinsarja Tomera 3-osainen, Unit Price: 9,95 €, Comparison Price: 3,32 €/kpl
Product: Mäster yleissivellin 70mm Standard Silver, Unit Price: 6,95 €, Comparison Price: 
Product: Mirka Mirox kuivahiomapaperi 230x280mm, Unit Price: 0,95 €, Comparison Price: 
Product: Telapakkaus 25cm 771025, Unit Price: 9,95 €, Comparison Price: 
Product: LUX-TOOLS jatkovarsi 1,5 m - 2 m, Unit Price: 8,20 €, Comparison Price: 
Product: Mirka Mirox kuivahiomapaperi K80 230x280mm, Unit Price: 0,95 €, Comparison Price: 
Product: Ellix sivellinsarja 5-osainen, Unit Price: 3,20 €, Comparison Price: 
Product: Mäster yleissivellin 25mm Standard Silver, Unit Price: 3,50 €, Comparison Price: 
Product: Mäster yleissivellin 35mm Standard Silver, Unit Price: 4,20 €, Comparison Price: 
Product: GO ulkosivellin 75mm, Unit Price: 4,95 €, Comparison Price: 
Product: Mirka 120 x 98 x 13 mm M/F 60/100 hiomasieni, Unit Price: 1,70 €, Comparison Price: 
Product: Tikkurila vaihtosieni terassiöljylastaan 24cm, Unit Price: 7,50 €, Comparison Price: 
Product: Mäster ulkomaalisivellin suora 70mm Standard, Unit Price: 3,95 €, Comparison Price: 
Product: Puhdistamo Tripla Magnesium 120 kapselia, Unit Price: 18,95 €, Comparison Price: 0,16 €/kpl
Product: Rainbow magnesium 250 mg ravintolisä 110 g/100 kpl, Unit Price: 3,20 €, Comparison Price: 0,03 €/kpl
Product: Rainbow kalsium- ja D-vitamiinivalmiste 800mg + 10µg ravintolisä 180kpl/225g, Unit Price: 4,49 €, Comparison Price: 0,02 €/kpl
Product: Friggs magnesium poretabletti 20kpl Sitruuna, Unit Price: 2,30 €, Comparison Price: 0,12 €/kpl
Product: Magnesia Sitraatti magnesiumsitraattitabletti 160 tabl, Unit Price: 7,99 €, Comparison Price: 0,05 €/kpl
Product: Rainbow sinkki 15mg ravintolisä 66 g/120 purutablettia mansikan ja vadelman makuinen, Unit Price: 3,99 €, Comparison Price: 0,03 €/kpl
Product: Magnesia 375 pureskeltava magnesiumtabletti 140 tabl, Unit Price: 6,59 €, Comparison Price: 0,05 €/kpl
Product: Sana-sol magnesiumsitraatti 300mg+B6-vitamiini appelsiininmakuinen magnesium-B6-vitamiiniporetabletti ravintolisä 12 poretablettia, Unit Price: 4,15 €, Comparison Price: 0,35 €/kpl
Product: Makrobios sinkkisitraatti 15 mg 100 tablettia 35g, Unit Price: 4,20 €, Comparison Price: 0,04 €/kpl
Product: Sana-sol Magnesiumsitraatti + B6 vitamiinitabletti ravintolisä 120tabl, Unit Price: 8,59 €, Comparison Price: 0,07 €/kpl
Product: Puhdistamo Tripla Magnesium 60 kapselia, Unit Price: 10,95 €, Comparison Price: 0,18 €/kpl
Product: Calcia 800 Magnesium kalkki-magnesiumtabletti 180 tabl, Unit Price: 7,59 €, Comparison Price: 0,04 €/kpl
Product: Makrobios Quantum magnesium 60kpl 50g, Unit Price: 8,95 €, Comparison Price: 0,15 €/kpl
Product: Sana-sol sinkki 15mg - C-vitamiini 1000mg appelsiininmakuinen sinkki-C-vitamiiniporetabletti ravintolisä 20 poretablettia, Unit Price: 4,19 €, Comparison Price: 0,21 €/kpl
Product: Magnesan Magnesiumkelaattitabletti 100 tabl, Unit Price: 4,95 €, Comparison Price: 0,05 €/kpl
Product: Makrobios Vahva Rauta 100mg+ C vitamiini 60 tablettia 30g, Unit Price: 5,95 €, Comparison Price: 0,10 €/kpl
Product: Friggs Rauta+C-vitamiini mustaherukan makuinen poretabletti 20kpl, Unit Price: 2,30 €, Comparison Price: 0,12 €/kpl
Product: Sana-sol Vitanallet Kalsium+D-vitamiinivalmiste pehmeä, sokeriton, pureskeltava ja mansikanmakuinen ravintolisä 90kpl, Unit Price: 19,45 €, Comparison Price: 0,22 €/kpl
Product: Puhdistamo Ilta Magnesium 120 kapselia, Unit Price: 18,95 €, Comparison Price: 0,16 €/kpl
Product: Magnex sitraatti + B6- vitamiini 100 tabl., Unit Price: 10,49 €, Comparison Price: 0,10 €/kpl
Product: Sana-sol Magnesiumsitraatti+B6-vitamiini sitruunanmakuinen purutabletti ravintolisä 100tabl, Unit Price: 8,59 €, Comparison Price: 0,09 €/kpl
Product: Calcia 800 Plus kalkki-monivitamiini-monimineraalitabletti 140 tabl, Unit Price: 9,95 €, Comparison Price: 0,07 €/kpl
Product: Vire Magnesium 375 mg 90 tablettia / 68 g, Unit Price: 6,90 €, Comparison Price: 0,08 €/kpl
Product: Diasporal appelsiininmakuinen magnesium juomajauhe 300mg ravintolisä 100g/20kpl, Unit Price: 11,95 €, Comparison Price: 0,60 €/kpl
Product: Apetit Kotimainen Herne pakaste 200g, Unit Price: 0,85 €, Comparison Price: 4,25 €/kg
Product: Apetit Kotimainen Hienonnettu pinaatti paloina pakaste 150g, Unit Price: 1,15 €, Comparison Price: 7,67 €/kg
Product: Apetit Maissia pakaste 200g, Unit Price: 1,35 €, Comparison Price: 6,75 €/kg
Product: Coop ohuet vihreät pavut 500 g pakaste, Unit Price: 0,97 €, Comparison Price: 1,94 €/kg
Product: Coop makea maissi 450 g pakaste, Unit Price: 0,95 €, Comparison Price: 2,11 €/kg
Product: Coop parsakaalin kukinnot 500 g pakaste, Unit Price: 1,25 €, Comparison Price: 2,50 €/kg
Product: Kotimaista 200g sipulikuutiot pakaste, Unit Price: 0,75 €, Comparison Price: 3,75 €/kg
Product: Apetit Vihreitä papuja paloina pakaste 200g, Unit Price: 1,15 €, Comparison Price: 5,75 €/kg
Product: Coop herneet 600 g pakaste, Unit Price: 1,16 €, Comparison Price: 1,93 €/kg
Product: Coop hienonnettu pinaatti 150 g pakaste, Unit Price: 0,45 €, Comparison Price: 3,00 €/kg
Product: Apetit Kotimainen Luomu Herne pakaste 200g, Unit Price: 1,15 €, Comparison Price: 5,75 €/kg
Product: Apetit Kotimainen Sipulikuutio pakaste 200 g, Unit Price: 0,79 €, Comparison Price: 3,95 €/kg
Product: Änglamark ohuet vihreät pavut luomu pakaste 400 g, Unit Price: 1,59 €, Comparison Price: 3,98 €/kg
Product: Apetit Sugar Snaps pullea sokeriherne pakaste 300g, Unit Price: 2,59 €, Comparison Price: 8,63 €/kg
Product: Coop kukkakaalinuput 400 g pakaste, Unit Price: 0,99 €, Comparison Price: 2,47 €/kg
Product: Apetit Parsakaalia pakaste 200g, Unit Price: 1,85 €, Comparison Price: 9,25 €/kg
Product: Xtra pinaatti 1 kg pakaste, Unit Price: 1,59 €, Comparison Price: 1,59 €/kg
Product: NICE N EASY 400g Kokonaisia Edamame-soijapapuja, Unit Price: 2,75 €, Comparison Price: 6,88 €/kg
Product: Coop Taste of Asia kuoritut edamame-pavut 300 g pakaste, Unit Price: 2,49 €, Comparison Price: 8,30 €/kg
Product: Änglamark hienonnettu pinaatti luomu pakaste 400 g, Unit Price: 1,55 €, Comparison Price: 3,88 €/kg
Product: Änglamark parsakaali luomu pakaste 400 g, Unit Price: 1,69 €, Comparison Price: 4,22 €/kg
Product: Dorot 80g Puristettua valkosipulia 20 annospalaa, pakaste, Unit Price: 2,79 €, Comparison Price: 34,88 €/kg
Product: Apetit Kukkakaalia pakaste 250g, Unit Price: 1,39 €, Comparison Price: 5,56 €/kg
Product: Apetit Pikkuporkkanat pakaste 200g, Unit Price: 1,19 €, Comparison Price: 5,95 €/kg
Product: Selvin Päin & Kåska Violet Spritz 0,0%, 0,33l, Unit Price: 2,39 €, Comparison Price: 6,79 €/l
Product: Moilas Pitaleipä 3kpl/345g gluteeniton pakaste, Unit Price: 4,89 €, Comparison Price: 14,17 €/kg
Product: Rummo Perunagnocchetti 500g, Unit Price: 1,25 €, Comparison Price: 2,50 €/kg
Product: Nutrilett Rich Chocolate flavoured shake vähälaktoosinen suklaanmakuinen juoma - ateriankorvike painonhallintaan 330 ml, Unit Price: 2,25 €, Comparison Price: 6,82 €/l
Product: Nutrilett Nordic berries smoothie vähälaktoosinen Pohjoisten marjojen makuinen smoothie - ateriankorvike painonhallintaan 330 ml, Unit Price: 2,25 €, Comparison Price: 6,82 €/l
Product: Nutrilett Tasty Tropical Smoothie vähälaktoosinen Trooppinen smoothie - ateriankorvike painonhallintaan 330 ml, Unit Price: 2,25 €, Comparison Price: 6,82 €/l
Product: Naturdiet VLCD caramel cappuccino proteiinikahvi 330ml, Unit Price: 2,05 €, Comparison Price: 6,21 €/l
Product: Naturdiet VLCD suklaa-banaani shake 330ml, Unit Price: 2,05 €, Comparison Price: 6,21 €/l
Product: Nutrilett Premium Dark Chocolate bar ateriankorvikepatukka painonhallintaan 4x59g, Unit Price: 6,39 €, Comparison Price: 26,63 €/kg
Product: Naturdiet VLCD suklaa shake 330ml, Unit Price: 2,05 €, Comparison Price: 6,21 €/l
Product: Nutrilett Chocolate Crunch & Sea Salt bar Suklaacrunchpatukka merisuolalla atreriankorvikepatukka 60g, Unit Price: 2,15 €, Comparison Price: 35,83 €/kg
Product: Naturdiet VLCD caffè mocha proteiinikahvi 330ml, Unit Price: 2,05 €, Comparison Price: 6,21 €/l
Product: Naturdiet RTD Maapähkinä Toffee Shake 330ml, Unit Price: 1,99 €, Comparison Price: 6,03 €/l
Product: Nutrilett Cocoa & Oat vähälaktoosinen VLCD valmis kaakao&kauramaitopirtelö  330ml, Unit Price: 2,25 €, Comparison Price: 6,82 €/l
Product: Leader Performance ravintolisävalmiste CLA+ 800 mg 100 kaps, Unit Price: 14,95 €, Comparison Price: 0,15 €/kpl
Product: Nutrilett VLCD Rich Vanilla Pear Flavoured shake Valmis pirtelö 330ml, Unit Price: 2,25 €, Comparison Price: 6,82 €/l
Product: Nutrilett Milk Chocolate & Creamy Caramel bar ateriankorvikepatukka suklaakuorrutuksella 60g, Unit Price: 2,15 €, Comparison Price: 35,83 €/kg
Product: Nutrilett Toffee Fudge maitosuklaa-karamellipatukka 40g, Unit Price: 2,15 €, Comparison Price: 53,75 €/kg
Product: Nutrilett VLCD Creamy Chocolate Banana shake Valmis pirtelö 330ml, Unit Price: 2,25 €, Comparison Price: 6,82 €/l
Product: Nutrilett VLCD Rich Chocolate Flavoured Shake suklaanmakuinen pirtelö 10x35g, Unit Price: 20,59 €, Comparison Price: 58,83 €/kg
Product: Nutrilett VLCD Strawberry Shake mansikanmakuinen pirtelö 10x35g, Unit Price: 20,59 €, Comparison Price: 58,83 €/kg
Product: Nutrilett VLCD Chicken Soup Painonhallintaan tarkoitettu erittäin niukkaenergiainen ruokavalionkorvike kanakeitto 10x35g, Unit Price: 19,79 €, Comparison Price: 56,54 €/kg
Product: Tolonen SaltBalans Super 100tabl, Unit Price: 9,49 €, Comparison Price: 0,09 €/kpl
Product: Nutrilett VLCD vegan vegetable soup kasviskeitto 10x35g, Unit Price: 19,79 €, Comparison Price: 56,54 €/kg
Product: Vida Easy Meal ateria-aines omena-kaneli-kaurapuuro 48 g, Unit Price: 1,95 €, Comparison Price: 40,63 €/kg
Product: Vida Easy Meal ateria-aines Pasta Bolognese 50 g, Unit Price: 2,29 €, Comparison Price: 45,80 €/kg
Product: A.Vogel Fluid Balance 60 tablettia kultapiisku-koivunlehtiuutetabletti, Unit Price: 14,90 €, Comparison Price: 0,25 €/kpl
Product: Elovena 320g gluteenittomat kaura-myslisämpylät, pakaste, Unit Price: 3,39 €, Comparison Price: 10,59 €/kg
Product: Makula Kana-BBQ wrap 300g, Unit Price: 5,69 €, Comparison Price: 18,97 €/kg
Product: Laitilan Naku Juicy Raspberry 4,5% 0,33L hard seltzer, Unit Price: 2,59 €, Comparison Price: 7,39 €/l
Product: Keiju Rypsiöljy 500 ml, Unit Price: 2,15 €, Comparison Price: 4,30 €/l
Product: Kotimaista 900ml rypsiöljy, Unit Price: 3,79 €, Comparison Price: 4,21 €/l
Product: Kotimaista rypsiöljy 450ml, Unit Price: 2,10 €, Comparison Price: 4,67 €/l
Product: Xtra 1l rapsiöljy, Unit Price: 2,75 €, Comparison Price: 2,75 €/l
Product: Keiju Rypsiöljy 1 l, Unit Price: 5,45 €, Comparison Price: 5,45 €/l
Product: Apetit 500ml rypsiöljy, Unit Price: 2,39 €, Comparison Price: 4,78 €/l
Product: Coop paisto- ja friteerausöljy 2 l, Unit Price: 4,89 €, Comparison Price: 2,44 €/l
Product: Apetit 1l rypsiöljy, Unit Price: 4,69 €, Comparison Price: 4,69 €/l
Product: Coop rapsiöljy 2 l, Unit Price: 6,99 €, Comparison Price: 3,50 €/l
Product: Rainbow 1l rapsiöljyn ja oliiviöljyn seos, Unit Price: 3,69 €, Comparison Price: 3,69 €/l
Product: Keiju D-vitaminoitu rypsiöljy 500 ml, Unit Price: 2,99 €, Comparison Price: 5,98 €/l
Product: Neito Puristettu pehmeä ja hieno rypsiöljy 500ml, Unit Price: 4,05 €, Comparison Price: 8,10 €/l
Product: Apetit 250ml rypsiöljy sitruuna-basilika, Unit Price: 2,20 €, Comparison Price: 8,80 €/l
Product: 1L Borges 2 Oils Rypsi- ja neitsytoliiviöljysekoitus, Unit Price: 7,39 €, Comparison Price: 7,39 €/l
Product: Apetit 250ml rypsiöljy valkosipuli-basilika, Unit Price: 2,20 €, Comparison Price: 8,80 €/l
Product: Keiju sitruuna, basilika yrttiöljy 250ml, Unit Price: 3,15 €, Comparison Price: 12,60 €/l
Product: Neito 250ml puristettu rypsiöljy voin maku, Unit Price: 3,89 €, Comparison Price: 15,56 €/l
Product: Keiju sitruuna rypsiöljyspray 200 ml, Unit Price: 4,29 €, Comparison Price: 21,45 €/l
Product: Jupiter soittokello mini musta, Unit Price: 2,99 €, Comparison Price: 
Product: Neito 250ml rypsiöljy sitruunanmakuinen puristettu, Unit Price: 3,89 €, Comparison Price: 15,56 €/l
Product: Jupiter polkupyörän paikkarasia 11 paikkaa, Unit Price: 2,99 €, Comparison Price: 
Product: Keiju tomaatti, valkosipuli, basilika yrttiöljy 250 ml, Unit Price: 3,15 €, Comparison Price: 12,60 €/l
Product: Keiju chili, tomaatti, basilika yrttiöljy 250 ml, Unit Price: 3,15 €, Comparison Price: 12,60 €/l
Product: Jupiter kuormaside 10 mm x 60 cm 2 kpl, Unit Price: 3,99 €, Comparison Price: 3,99 €/pr
Product: Keiju valkosipulin, timjamin ja paprikan makuinen rypsiöljy 500 ml, Unit Price: 3,99 €, Comparison Price: 7,98 €/l
Product: Jupiter rengasraudat 3 kpl, Unit Price: 1,99 €, Comparison Price: 
Product: Kotimaista 500ml kylmäpuristettu rypsiöljy, Unit Price: 3,39 €, Comparison Price: 6,78 €/l
Product: Jupiter juomapulloteline, Unit Price: 3,99 €, Comparison Price: 
Product: Virgino 0,5l kylmäpuristettu luomurypsiöljy, Unit Price: 4,29 €, Comparison Price: 8,58 €/l
Product: Jupiter soittokello mini hopea, Unit Price: 2,99 €, Comparison Price: 
Product: Jupiter soittokello vivulla, Unit Price: 4,99 €, Comparison Price: 
Product: Jupiter kuormaside 7 mm x 210 cm, Unit Price: 3,99 €, Comparison Price: 
Product: Jupiter juomapulloteline muovi musta, Unit Price: 2,99 €, Comparison Price: 
Product: Zefal paikkausrasia, Unit Price: 3,99 €, Comparison Price: 
Product: Helkama Jopo soittokello vivulla, Unit Price: 6,99 €, Comparison Price: 
Product: TipTop TT-02 paikkaussarja polkupyöränrenkaalle 7 paikkaa, Unit Price: 4,99 €, Comparison Price: 
Product: Jupiter monitoimityökalu 16 toimintoa, Unit Price: 5,99 €, Comparison Price: 
Product: Jupiter äänitorvi ohjaustankoon, Unit Price: 5,99 €, Comparison Price: 
Product: Jupiter MTB V-jarrupala mutterilla 60 mm, Unit Price: 3,79 €, Comparison Price: 3,79 €/pr
Product: Jupiter apupyörä 12-20" lastenpyöriin, Unit Price: 12,95 €, Comparison Price: 12,95 €/pr
Product: Polisport takalokasuoja cross country evo 26-29" pyörään, Unit Price: 13,95 €, Comparison Price: 
Product: Levyjarrupalat B05S resin 1 pari, Unit Price: 12,95 €, Comparison Price: 
Product: ZEFAL Z-Sealant tubeless neste 125ml, Unit Price: 8,99 €, Comparison Price: 
Product: Jupiter polkupyörän ketjunkatkaisin KT-724X, Unit Price: 4,99 €, Comparison Price: 
Product: Jupiter juomapulloteline, Unit Price: 3,99 €, Comparison Price: 
Product: TipTop paikkaussarja saappaille 5 paikkaa, Unit Price: 9,99 €, Comparison Price: 
Product: VAUDE vyölaukku Little Waterboy musta, Unit Price: 19,95 €, Comparison Price: 
Product: Shimano v-jarrupala muttereilla 65mm, Unit Price: 8,99 €, Comparison Price: 
Product: Karl Fazer maitosuklaa suklaapatukka 39g, Unit Price: 0,69 €, Comparison Price: 17,69 €/kg
Product: Fazer Geisha hasselpähkinänougat suklaapatukka 37g, Unit Price: 0,89 €, Comparison Price: 24,05 €/kg
Product: Karl Fazer maitosuklaapatukka minttucrisp 37g, Unit Price: 0,99 €, Comparison Price: 26,76 €/kpl
Product: Fazer Pätkis Maxi Crunchy suklaapatukka 55g, Unit Price: 1,35 €, Comparison Price: 24,55 €/kg
Product: Fazer Fazerina appelsiinitryffeli suklaapatukka 37g, Unit Price: 0,99 €, Comparison Price: 26,76 €/kg
Product: Bounty suklaapatukka 57g, Unit Price: 0,89 €, Comparison Price: 15,61 €/kg
Product: Kinder Maxi maitosuklaata maitoisalla täytteellä 210g (10kpl), Unit Price: 2,99 €, Comparison Price: 14,24 €/kg
Product: Fazer DaCapo tumma suklaapatukka 20g, Unit Price: 0,52 €, Comparison Price: 26,00 €/kg
Product: Kinder Maxi maitosuklaata maitoisalla täytteellä 21g (1kpl), Unit Price: 0,49 €, Comparison Price: 23,33 €/kg
Product: Karl Fazer maitosuklaapatukka suklaatryffelitäyteellä ja crispeillä  37g, Unit Price: 0,99 €, Comparison Price: 26,76 €/kg
Product: Fazer Pätkis minttutryffeli suklaapatukka 18g, Unit Price: 0,52 €, Comparison Price: 28,89 €/kg
Product: Fazer Fami tryffeli suklaapatukka 32g, Unit Price: 0,99 €, Comparison Price: 30,94 €/kg
Product: Karl Fazer vadelmajogurtti suklaapatukka 37g, Unit Price: 0,99 €, Comparison Price: 26,76 €/kg
Product: Stratos suklaapatukka 42g, Unit Price: 0,89 €, Comparison Price: 21,19 €/kg
Product: Marabou Dubbel Nougat suklaapatukka 43g, Unit Price: 0,89 €, Comparison Price: 20,70 €/kg
Product: Karl Fazer tumma suklaapatukka 39g, Unit Price: 0,99 €, Comparison Price: 26,05 €/kg
Product: Karl Fazer Sitruunajogurtti -marenki suklaapatukka  37g, Unit Price: 0,99 €, Comparison Price: 26,76 €/kg
Product: Karl Fazer maitosuklaa ja valkosuklaa suklaapatukka 38g, Unit Price: 0,99 €, Comparison Price: 26,05 €/kg
Product: Royal Täyteläinen Maitosuklaa suklaapatukka 45g, Unit Price: 1,05 €, Comparison Price: 23,33 €/kg
Product: Kinder Maxi maitosuklaata maitoisalla täytteellä 126g (6kpl), Unit Price: 2,09 €, Comparison Price: 16,59 €/kg
Product: Fazer Iso Pätkis minttutryffeli suklaapatukka 36g, Unit Price: 0,89 €, Comparison Price: 24,72 €/kg
Product: Fazer Fazermint tumma minttusuklaapatukka 41g, Unit Price: 0,99 €, Comparison Price: 24,15 €/kg
Product: Rainbow 200g Milkkispatukat 16kpl, Unit Price: 1,89 €, Comparison Price: 9,45 €/kg
Product: Fazer Jim tumma suklaapatukka 14g, Unit Price: 0,52 €, Comparison Price: 37,14 €/kg
Product: Moilas Free From Rieska 4 kpl 200 g, kypsä pakaste, Unit Price: 2,99 €, Comparison Price: 14,95 €/kg
Product: Xtra jäätelötuutit vanilja 960ml 8kpl, Unit Price: 1,19 €, Comparison Price: 2,48 €/kg
Product: Rainbow 415g suklaatuutit 6kpl, Unit Price: 2,25 €, Comparison Price: 5,42 €/kg
Product: Rainbow 415g toffeetuutit 6kpl, Unit Price: 2,25 €, Comparison Price: 5,42 €/kg
Product: Rainbow 415g mansikkatuutit  6kpl, Unit Price: 2,25 €, Comparison Price: 5,42 €/kg
Product: Pingviini Vanilja kermajäätelö kotipakkaus 1L/495g, Unit Price: 1,75 €, Comparison Price: 1,75 €/l
Product: Aino Ihana maitosuklaa kermajäätelö kotipakkaus 530g/900ml, Unit Price: 5,49 €, Comparison Price: 6,10 €/l
Product: Ben & Jerry's Cookie Dough Vanilja Jäätelö 465ml/406g, Unit Price: 7,49 €, Comparison Price: 16,11 €/l
Product: Pingviini Wanhan Ajan Vanilja kermajäätelö kotipakkaus 1L/540g, Unit Price: 2,29 €, Comparison Price: 2,29 €/l
Product: Coop vaniljakermajäätelö 1 l, Unit Price: 1,29 €, Comparison Price: 1,29 €/l
Product: Pingviini Kuningatar Laktoositon jäätelötuutti monipakkaus 8x67g, Unit Price: 5,15 €, Comparison Price: 9,61 €/kg
Product: Pingviini Suklaa jäätelötuutti monipakkaus 8x67g, Unit Price: 4,75 €, Comparison Price: 8,86 €/kg
Product: Ben & Jerry's Half Baked Jäätelö 465ml/406g, Unit Price: 7,49 €, Comparison Price: 16,11 €/l
Product: Coop Mini Mix jäätelöpuikot 12 kpl 600 g, Unit Price: 3,65 €, Comparison Price: 8,51 €/kg
Product: Rainbow 390g vaniljajäätelöpuikko 10kpl, Unit Price: 1,89 €, Comparison Price: 4,85 €/kg
Product: Pingviini Mansikka & Mango-Meloni jäätelötuutti MIX monipakkaus 8x67g, Unit Price: 5,15 €, Comparison Price: 9,61 €/kg
Product: Daim Original Mini Jäätelö Monipakkaus 510ml/312g 6 kpl, Unit Price: 4,99 €, Comparison Price: 15,99 €/kg
Product: Rainbow 480g lumimiehen mehujäät 12kpl, Unit Price: 2,49 €, Comparison Price: 5,19 €/kg
Product: Pingviini Suolainen Kinuski Laktoositon jäätelötuutti monipakkaus 8x67g, Unit Price: 5,15 €, Comparison Price: 9,61 €/kg
Product: Pingviini Suklaa & Valkosuklaa jäätelötuutti MIX monipakkaus 8x67g, Unit Price: 5,15 €, Comparison Price: 9,61 €/kg
Product: Pingviini Lakritsi jäätelötuutti monipakkaus 8x67g, Unit Price: 4,75 €, Comparison Price: 8,86 €/kg
Product: Xtra Almond jäätelöpuikko 6 x 120 ml/80 g, Unit Price: 3,19 €, Comparison Price: 6,65 €/kg
Product: Pingviini Herkkutrio kermajäätelö kotipakkaus 1L/517g, Unit Price: 2,29 €, Comparison Price: 2,29 €/l
Product: Aino Wanhan Ajan Vanilja & Mansikka kermajäätelö kotipakkaus  526g/900ml, Unit Price: 5,49 €, Comparison Price: 6,10 €/l
Product: Aino Karpalo&Kinuski Laktoositon kermajäätelö kotipakkaus  527g/900ml, Unit Price: 6,19 €, Comparison Price: 6,88 €/l
Product: Oolannin uunirapeat ranskanperunat 500g, Unit Price: 1,80 €, Comparison Price: 3,60 €/kg
Product: Mummon poimutetut ranskanperunat 450 g, pakaste, Unit Price: 1,19 €, Comparison Price: 2,64 €/kg
Product: Xtra poimutetut ranskanperunat pakaste 1 kg, Unit Price: 1,39 €, Comparison Price: 1,39 €/kg
Product: Mummon poimutetut ranskanperunat 750 g, pakaste, Unit Price: 2,30 €, Comparison Price: 3,07 €/kg
Product: Oolannin uunirapeat sileät ranskanperunat 1kg, Unit Price: 3,45 €, Comparison Price: 3,45 €/kg
Product: Coop Crispy Longs pitkät ranskanperunat 750 g pakaste, Unit Price: 2,00 €, Comparison Price: 2,67 €/kg
Product: Coop poimutetut ranskanperunat 500 g pakaste, Unit Price: 1,25 €, Comparison Price: 2,50 €/kg
Product: Coop maustetut bataattiranskalaiset 450 g pakaste, Unit Price: 2,70 €, Comparison Price: 6,00 €/kg
Product: Aviko Sweet Potato Fries 450g, Unit Price: 3,90 €, Comparison Price: 8,67 €/kg
Product: Coop kuorrutetut lohkoperunat valkosipuli 450 g pakaste, Unit Price: 1,55 €, Comparison Price: 3,44 €/kg
Product: McCain Golden longs 6mm, Unit Price: 2,79 €, Comparison Price: 3,72 €/kg
Product: Oolannin tikkuperunat 400g, Unit Price: 2,95 €, Comparison Price: 7,38 €/kg
Product: Mummon 750g ohuet tikkuperunat pakaste, Unit Price: 3,09 €, Comparison Price: 4,12 €/kg
Product: Mummon 750g rapeat kuorelliset maalaisranskanperunat pakaste, Unit Price: 3,15 €, Comparison Price: 4,20 €/kg
Product: Findus Mikrovalmiit ranskanperunat 2x100g, pakaste, Unit Price: 2,39 €, Comparison Price: 11,95 €/kg
Product: Oolannin kuorelliset maalaisperunat 600g, Unit Price: 2,99 €, Comparison Price: 4,98 €/kg
Product: Rainbow kuorelliset lohkoperunat 1kg pakaste, gluteeniton, Unit Price: 3,99 €, Comparison Price: 3,99 €/kg
Product: Coop lankkuperunat 750 g pakaste, Unit Price: 2,70 €, Comparison Price: 3,60 €/kg
Product: Oolannin chili ranskanperunat 400g, Unit Price: 3,15 €, Comparison Price: 7,87 €/kg
Product: Oolannin mikrovalmiit ranskanperunat 400g, Unit Price: 3,05 €, Comparison Price: 7,62 €/kg
Product: Kotimaista rosmariini-oliiviöljy lohkoperuna 450 g, Pakaste, Unit Price: 1,85 €, Comparison Price: 4,11 €/kg
Product: Mummon rapeat lohkoperunat 400 g, pakaste, Unit Price: 1,49 €, Comparison Price: 3,72 €/kg
Product: Oolannin lohkoperunat 750g, Unit Price: 3,69 €, Comparison Price: 4,92 €/kg
Product: Mummon lankkuperunat 450 g, pakaste, Unit Price: 1,90 €, Comparison Price: 4,22 €/kg
Product: Baba Hummus kikhernelevite - dippi 225g, Unit Price: 2,99 €, Comparison Price: 13,29 €/kg
Product: Sevan Hummus Original 275g, Unit Price: 3,09 €, Comparison Price: 11,24 €/kg
Product: Wewalka 600g Pizza Kit pizzataikina tomaattikastikkeella, Unit Price: 3,45 €, Comparison Price: 5,75 €/kg
Product: Baba Chili Hummus kikhernelevite - dippi 225g, Unit Price: 3,45 €, Comparison Price: 15,33 €/kg
Product: Filos 200g tzatziki, Unit Price: 2,15 €, Comparison Price: 10,75 €/kg
Product: Baba Green Hummus kikhernelevite - dippi 225g, Unit Price: 3,45 €, Comparison Price: 15,33 €/kg
Product: Jesse Kurkkumajo 175ml, Unit Price: 1,95 €, Comparison Price: 11,14 €/l
Product: JESSE Aioli-majo 175ml, Unit Price: 1,95 €, Comparison Price: 11,14 €/l
Product: Hyvä Apaja Remouladekastike 200g, Unit Price: 2,89 €, Comparison Price: 14,45 €/kg
Product: JESSE Premium Ranch 175ml, Unit Price: 1,95 €, Comparison Price: 11,14 €/l
Product: Baba Punajuuri Hummus 225g, Unit Price: 2,99 €, Comparison Price: 13,29 €/kg
Product: Jesse Chipotle Ranch 175ml, Unit Price: 1,95 €, Comparison Price: 11,14 €/l
Product: Wewalka XL pizzataikina 550g, Unit Price: 2,99 €, Comparison Price: 5,44 €/kg
Product: Eriks Såser Bearnaise kastike 230ml, Unit Price: 3,49 €, Comparison Price: 16,08 €/kg
Product: Sevan Guacamole 150g, Unit Price: 2,99 €, Comparison Price: 19,93 €/kg
Product: Eriks Såser Aioli lime kastike 230ml, Unit Price: 3,49 €, Comparison Price: 16,01 €/kg
Product: Sevan Hummus Valkosipuli 150g, Unit Price: 2,75 €, Comparison Price: 18,33 €/kg
Product: Rana 140g Tuore Pestokastike, Unit Price: 2,89 €, Comparison Price: 20,64 €/kg
Product: Sevan Hummus Punajuuri 150g, Unit Price: 2,69 €, Comparison Price: 17,93 €/kg
Product: Helsingin Döner Pitakebab 195 g, Unit Price: 2,29 €, Comparison Price: 11,74 €/kg
Product: Johan Jureskog Bearnaisekastike 230ml, Unit Price: 2,99 €, Comparison Price: 13,00 €/l
Product: Vöner Pita 195g, Unit Price: 2,99 €, Comparison Price: 15,33 €/kg
Product: Asmara Herkkushop - Baklava-rasia - 4x55g, Unit Price: 5,95 €, Comparison Price: 49,58 €/kg
Product: Johan Jureskog Chilibearnaisekastike 230ml, Unit Price: 2,99 €, Comparison Price: 13,00 €/l
Product: Brunberg Suklaakuorrutettuja lakritsitoffeepaloja 200g, Unit Price: 2,35 €, Comparison Price: 11,75 €/kg
Product: OLVI Hard Seltzer Juiced Raspberry 4,5 % 0,33 l tlk, Unit Price: 2,39 €, Comparison Price: 6,79 €/l
Product: VIM classic cream lemon hankausneste 500 ml, Unit Price: 1,99 €, Comparison Price: 3,98 €/l
Product: Cif Cream Lemon Puhdistusaine Tehokas puhdistus 500 ml, Unit Price: 1,99 €, Comparison Price: 3,98 €/l
Product: Rainbow kalkinpoistaja 500 ml, Unit Price: 1,99 €, Comparison Price: 3,98 €/l
Product: SINI sitruunahappo 600 g, Unit Price: 9,79 €, Comparison Price: 16,32 €/kg
Product: Cillit Bang Kalkinpoistaja 500ML, Unit Price: 2,99 €, Comparison Price: 5,98 €/l
Product: The Pink Stuff Miracle paste yleispuhdistusaine 850 g, Unit Price: 3,49 €, Comparison Price: 4,11 €/kg
Product: Melitta Anti Calc Bio Liquid 250ml kalkinpoistaja, Unit Price: 5,69 €, Comparison Price: 22,76 €/l
Product: Scrub Daddy Power Paste puhdistusaine ja Scrub Mommy sieni 250 g, Unit Price: 8,99 €, Comparison Price: 35,96 €/kg
Product: Pledge 250ml wood huonekaluaerosoli, Unit Price: 3,79 €, Comparison Price: 15,16 €/l
Product: Softcare 300ml Nahkapesu, Unit Price: 6,09 €, Comparison Price: 20,30 €/l
Product: Method Puhdistussuihke puu 354ml, Unit Price: 6,69 €, Comparison Price: 18,90 €/l
Product: Mellerud jalometallin puhdistaja 0,5 l, Unit Price: 14,90 €, Comparison Price: 29,80 €/l
Product: Method Puhdistussuihke teräs 354ml, Unit Price: 6,69 €, Comparison Price: 18,90 €/l
Product: Carrefour Selection Meringues Noisettes Coco Sur lit de chocolat au lait maitosuklaa-hasselpähkinä marenkikeksi 100 g, Unit Price: 2,39 €, Comparison Price: 23,90 €/kg
Product: Arla Kalinka Päärynä-vanilja kerrosjogurtti 150 g vähälaktoosinen, Unit Price: 0,62 €, Comparison Price: 4,13 €/kg
Product: Juustoportti Hyvin jogurtti 150 g banaani laktoositon, Unit Price: 0,95 €, Comparison Price: 6,33 €/kg
Product: Valiojogurtti® 1 kg Japani laktoositon, Unit Price: 1,99 €, Comparison Price: 1,99 €/kg
Product: La Crema kermajogurtti kiivi-karviainen 150 g, Unit Price: 0,79 €, Comparison Price: 5,27 €/kg
Product: Valio Luonnonjogurtti+™ mango & persikka 150 g ei lisättyä sokeria, laktoositon, Unit Price: 0,85 €, Comparison Price: 5,67 €/kg
Product: Maitomaa Vapaan Hyvinvoivan Lehmän Pehmeä Maustamaton Jogurtti 1 kg, laktoositon, Unit Price: 2,69 €, Comparison Price: 2,69 €/kg
Product: RAPARPERI - Lohkeava luonn.jogurtti 150g, Unit Price: 1,09 €, Comparison Price: 7,27 €/kg
Product: VADELMA - Lohkeava luonnonjogurtti 150g, Unit Price: 1,09 €, Comparison Price: 7,27 €/kg
Product: PUOLUKKA - Lohkeava luonnonjogurtti 150g, Unit Price: 1,09 €, Comparison Price: 7,27 €/kg
Product: Valio Luomu™ jogurtti 1 kg mango laktoositon, Unit Price: 2,95 €, Comparison Price: 2,95 €/kg
Product: TYRNI - Lohkeava luonnonjogurtti 150g, Unit Price: 1,09 €, Comparison Price: 7,27 €/kg
Product: Ålandsmejeriet Lakritsijogurtti 1kg, Unit Price: 3,15 €, Comparison Price: 3,15 €/kg
Product: MAUSTAMATON - Lohkeava jogurtti 150g, Unit Price: 1,09 €, Comparison Price: 7,27 €/kg
Product: Fage Total kreikkalainen jogurtti 5% 170g, Unit Price: 2,45 €, Comparison Price: 14,41 €/kg
Product: Fage Total kreikkalainen jogurtti 0% 500g, Unit Price: 6,39 €, Comparison Price: 12,78 €/kg
Product: Fage Total kreikkalainen jogurtti 0% 170g, Unit Price: 2,45 €, Comparison Price: 14,41 €/kg
Product: Fazer Gluteeniton Juustosämpylä 3kpl 215g, kypsäpakaste, Unit Price: 3,79 €, Comparison Price: 17,63 €/kg
Product: Porokylän Kaurasydän 4 kpl / 200 g gluteeniton pakaste, Unit Price: 1,99 €, Comparison Price: 9,95 €/kg
Product: Karl Fazer vadelma & lakritsi suklaalevy 200g, Unit Price: 3,45 €, Comparison Price: 17,25 €/kg
Product: House raapaistava sytytyspala 20 kpl, Unit Price: 1,99 €, Comparison Price: 0,10 €/kpl
Product: Sampo 72 kpl sytytyspalat, Unit Price: 4,99 €, Comparison Price: 0,07 €/kpl
Product: Burner sytytysapu 100kpl, Unit Price: 8,90 €, Comparison Price: 0,09 €/kpl
Product: Suomi 20 kpl sytytyspala, Unit Price: 5,95 €, Comparison Price: 0,30 €/kpl
Product: SYTYTYSKUUTIOT, Unit Price: 4,95 €, Comparison Price: 
Product: Huonetuoksu Freedom Breath 100ml, 5 rottinki tikut, Unit Price: 5,25 €, Comparison Price: 52,50 €/l
Product: Silver Fern Farms karitsan sisäfilee, Unit Price: 24,90 €, Comparison Price: 
Product: Fresh Hetki Suosikkisalaatti Kana-caesar 230 g, Unit Price: 3,99 €, Comparison Price: 17,35 €/kg
Product: Coop kana-taco salaatti 300 g, Unit Price: 3,49 €, Comparison Price: 11,63 €/kg
Product: Fresh Hetki Suosikkisalaatti Kreikkalainen 270g, Unit Price: 3,99 €, Comparison Price: 14,78 €/kg
Product: Fresh Hetki Suosikkisalaatti Tonnikala-Pasta 270g, Unit Price: 3,99 €, Comparison Price: 14,78 €/kg
Product: Fresh Hetki Suosikkisalaatti Kana-Taco 250g, Unit Price: 3,99 €, Comparison Price: 15,96 €/kg
Product: Coop kreikkalainen salaatti 300 g, Unit Price: 3,49 €, Comparison Price: 11,63 €/kg
Product: Coop tonnikala-pastasalaatti 300 g, Unit Price: 3,49 €, Comparison Price: 11,63 €/kg
Product: Fresh Hetki Suosikkisalaatti Leipäjuusto 250g, Unit Price: 3,99 €, Comparison Price: 15,96 €/kg
Product: Fresh Hetki Suosikkisalaatti Mozzarella 230g, Unit Price: 3,99 €, Comparison Price: 17,35 €/kg
Product: Fresh Hetki Suosikkisalaatti Cobb 245g, Unit Price: 3,99 €, Comparison Price: 16,29 €/kg
Product: Fresh Hetki Ruokaisa Korealainen kanasalaatti 300 g, Unit Price: 4,69 €, Comparison Price: 15,63 €/kg
Product: Saarioinen Tonnikala-pastasalaatti 250g, Unit Price: 2,95 €, Comparison Price: 11,80 €/kg
Product: Fresh Hetki Arki Kana-pastasalaatti 200 g, Unit Price: 2,99 €, Comparison Price: 14,95 €/kg
Product: Mäkitalon Farmi Salaattiateria Kana-caesarsalaatti 210g, Unit Price: 3,99 €, Comparison Price: 19,00 €/kg
Product: Fresh Hetki Ruokaisa Välimeren kanasalaatti 300 g, Unit Price: 4,69 €, Comparison Price: 15,63 €/kg
Product: Fresh Hetki Ruokaisa Satay kanasalaatti 300 g, Unit Price: 4,69 €, Comparison Price: 15,63 €/kg
Product: Fresh Hetki Suosikkisalaatti Kana 280 g, Unit Price: 3,99 €, Comparison Price: 14,25 €/kg
Product: Herkku Classics ravunpyrstö-caesarsalaatti 220 g, Unit Price: 6,59 €, Comparison Price: 29,95 €/kg
Product: Fresh Hetki Kana-tacosalaatti 550g, Unit Price: 7,99 €, Comparison Price: 14,53 €/kg
Product: Fresh Hetki Kana-Caesarsalaatti 550g, Unit Price: 7,99 €, Comparison Price: 14,53 €/kg
Product: Fresh Hetki Arki Juusto-pastasalaatti 200 g, Unit Price: 2,99 €, Comparison Price: 14,95 €/kg
Product: Mäkitalon Farmi Salaattiateria Kana-taco 235g, Unit Price: 3,99 €, Comparison Price: 16,98 €/kg
Product: Fresh Hetki Lounassalaatti Kana-pitachips 240 g, Unit Price: 3,99 €, Comparison Price: 16,63 €/kg
Product: Fresh Hetki Ruokaisa Italialainen juustosalaatti 300 g, Unit Price: 4,69 €, Comparison Price: 15,63 €/kg
Product: Glade 10ml Touch & Fresh Pure Clean Linen ilmanraikastintäyttö, Unit Price: 1,99 €, Comparison Price: 199,00 €/l
Product: Rainbow ilmanraikastaja Citrus 3x15ml, Unit Price: 2,55 €, Comparison Price: 56,67 €/l
Product: Jupiter Yleisöljy spray 75ml, Unit Price: 3,99 €, Comparison Price: 53,20 €/l
Product: Weldtite yleisöljy 100ml, Unit Price: 6,99 €, Comparison Price: 
Product: Muc-Off kuivan kelin ketjuöljy 100ml, Unit Price: 5,99 €, Comparison Price: 
Product: Weldtite ketjuspray teflon 150ml, Unit Price: 6,99 €, Comparison Price: 
Product: Weldtite ketjun puhdistusspray 400ml, Unit Price: 10,95 €, Comparison Price: 
Product: Jupiter Ketjuspray 400 ml, Unit Price: 4,99 €, Comparison Price: 12,48 €/l
Product: Muc-Off pyöränpesuaine 500ml, Unit Price: 6,99 €, Comparison Price: 
Product: REX KETJUÖLJY DOMESTIQUE, Unit Price: 19,95 €, Comparison Price: 
Product: Weldtite ketjuspray teflon 400ml, Unit Price: 9,99 €, Comparison Price: 
Product: Muc-Off märän kelin ketjuöljy 100ml, Unit Price: 6,99 €, Comparison Price: 
Product: Muc-Off ketjuspray 400ml, Unit Price: 15,95 €, Comparison Price: 
Product: Rex ketjuöljy Black Diamond E-bike sähköpyörille, Unit Price: 39,95 €, Comparison Price: 
Product: REX PYÖRÄNPESUAINE 1000ML, Unit Price: 14,95 €, Comparison Price: 
Product: Weldtite vaseliinituubi 40g, Unit Price: 3,99 €, Comparison Price: 
Product: Rex ketjuöljy Arctic talvikäyttöön, Unit Price: 19,95 €, Comparison Price: 
Product: Muc-Off suoja- ja kiillotusaine 485ml, Unit Price: 9,99 €, Comparison Price: 
Product: Muc-Off ketju- ja rataspesuaine 400ml, Unit Price: 7,99 €, Comparison Price: 
Product: Weldtite aerosoli 250ml levyjarruille, Unit Price: 7,99 €, Comparison Price: 
Product: REX ASENNUSRASVA 50G, Unit Price: 19,95 €, Comparison Price: 
Product: Weldtite Dirtwash Protect & Shine Spray -suojasuihke 500ml, Unit Price: 9,99 €, Comparison Price: 19,98 €/l
Product: MAKULA Kana-caesarciabatta 250g, Unit Price: 4,39 €, Comparison Price: 17,56 €/kg
Product: Holika Holika Pure Essence Damask Rose kangasnaamio 20ml, Unit Price: 2,15 €, Comparison Price: 
Product: Karl Fazer mustikkajogurtticrisp suklaalevy 190g, Unit Price: 3,45 €, Comparison Price: 18,16 €/kg
Product: Kariniemen Kananpojan paistileike, Unit Price: 6,90 €, Comparison Price: 
Product: Santa Maria 320G Tex Mex Tortilla Original Medium 8-pack, Unit Price: 1,79 €, Comparison Price: 5,59 €/kg
Product: Xtra pehmeät vehnätortillat 8 kpl 280 g, Unit Price: 0,79 €, Comparison Price: 2,82 €/kg
Product: Coop iso täysjyvävehnätortilla 370 g 6 kpl, Unit Price: 1,25 €, Comparison Price: 3,38 €/kg
Product: Coop vehnätortilla 320 g 8 kpl, Unit Price: 1,09 €, Comparison Price: 3,41 €/kg
Product: Santa Maria Tortilla Original Medium vehnätortilla 12 kpl 480 g, Unit Price: 2,65 €, Comparison Price: 5,52 €/kg
Product: Santa Maria Tortilla Whole Wheat Medium täysjyvätortilla 8 kpl 320 g, Unit Price: 3,09 €, Comparison Price: 9,66 €/kg
Product: Santa Maria Tortilla Original Large vehnätortilla 6 kpl 371 g, Unit Price: 2,35 €, Comparison Price: 6,33 €/kg
Product: Santa Maria Tortilla Corn & Wheat Medium 8 kpl, 336 g, Unit Price: 3,05 €, Comparison Price: 9,08 €/kg
Product: Coop iso vehnätortilla 370 g 6 kpl, Unit Price: 1,25 €, Comparison Price: 3,38 €/kg
Product: Coop vehnätortilla 480 g 12 kpl, Unit Price: 1,59 €, Comparison Price: 3,31 €/kg
Product: Old El Paso 6kpl/216g gluteenittomat Tortillat, Unit Price: 3,29 €, Comparison Price: 15,23 €/kg
Product: Santa Maria Tortilla Original Large vehnätortilla 12 kpl, 742 g, Unit Price: 4,69 €, Comparison Price: 6,32 €/kg
Product: Santa Maria 200G Tortilla Corn & Wheat Small (8-pack) 200Gx14, Unit Price: 2,19 €, Comparison Price: 10,95 €/kg
Product: Santa Maria Tortilla Original Small vehnätortilla 8 kpl, 200 g, Unit Price: 2,59 €, Comparison Price: 12,95 €/kg
Product: Old El Paso Medium Tortillas Original Super Soft & Flexible 8kpl/326g, Unit Price: 1,75 €, Comparison Price: 5,37 €/kg
Product: Old El Paso 193g Stand'n'Stuff Soft Taco Boats, Unit Price: 1,99 €, Comparison Price: 10,31 €/kg
Product: Old El Paso Gluteeniton Tortilla 4kpl/215g, Unit Price: 3,99 €, Comparison Price: 18,56 €/kg
Product: Santa Maria White Corn Tortilla small maissitortilla (8-pack) 208g, Unit Price: 2,79 €, Comparison Price: 13,41 €/kg
Product: El Taco Truck Tortilla 320g, Unit Price: 1,99 €, Comparison Price: 6,22 €/kg
Product: Santa Maria Tortilla Oat Medium kauratortilla (6-pack) 240g, Unit Price: 2,59 €, Comparison Price: 10,79 €/kg
Product: Old El Paso 10kpl/208g White Corn Tortillat gluteeniton, Unit Price: 3,59 €, Comparison Price: 17,26 €/kg
Product: Altin Aslan Durum vehnätortilla 540g 6kpl, Unit Price: 2,79 €, Comparison Price: 5,17 €/kg
Product: Corn Tortillas - Maissitortilla, Unit Price: 2,49 €, Comparison Price: 12,77 €/kg
Product: Santa Maria Tortilla Original Medium Vehnätortilla Luomu 8 kpl 320 g, Unit Price: 2,85 €, Comparison Price: 8,91 €/kg
Product: Coop Salamikolmioleipä 150g, Unit Price: 1,58 €, Comparison Price: 10,53 €/kg
Product: Fria Kauraleipä 500g gluteeniton pakaste viipale, Unit Price: 3,39 €, Comparison Price: 6,78 €/kg
Product: Schweppes Indian Tonic virvoitusjuoma tölkki 0,33 L, Unit Price: 1,79 €, Comparison Price: 4,97 €/l
Product: Schweppes Ginger Ale virvoitusjuoma tölkki 0,33 L, Unit Price: 1,79 €, Comparison Price: 4,97 €/l
Product: Schweppes Indian Tonic virvoitusjuoma muovipullo 1,5 L, Unit Price: 4,49 €, Comparison Price: 2,73 €/l
Product: Muteman Premium Ginger Beer 0,275 l klp, Unit Price: 1,85 €, Comparison Price: 6,36 €/l
Product: Rainbow Tonic virvoitusjuoma 1,5l, Unit Price: 2,79 €, Comparison Price: 1,59 €/l
Product: Brewers Indian Tonic Sugarfree 0,33l, Unit Price: 1,49 €, Comparison Price: 4,06 €/l
Product: Schweppes Russchian 150 cl KMP virvoitusjuoma, Unit Price: 4,49 €, Comparison Price: 2,73 €/l
Product: Fever-Tree Premium Indian Tonic Water 200ml, Unit Price: 1,99 €, Comparison Price: 9,45 €/l
Product: Rainbow Tonic Light virvoitusjuoma 1,5l, Unit Price: 2,49 €, Comparison Price: 1,39 €/l
Product: Muteman Premium Mixer Bitter Grapefruits 0,275 l klp, Unit Price: 1,85 €, Comparison Price: 6,36 €/l
Product: Brabe kombucha minttu & lime 250ml Porvoosta, Unit Price: 3,20 €, Comparison Price: 12,80 €/l
Product: Muteman Premium Indian Tonic vesi 0,275 l klp, Unit Price: 1,85 €, Comparison Price: 6,36 €/l
Product: Brabe kombucha kirsikka 250ml Porvoosta, Unit Price: 3,20 €, Comparison Price: 12,80 €/l
Product: Fever-Tree Naturally Light Tonic Water 500ml, Unit Price: 4,19 €, Comparison Price: 8,18 €/l
Product: Moomin Arabia Finland Muumi muki 0,3L Marjassa, Unit Price: 23,50 €, Comparison Price: 
Product: House juomapurkki Terttu 0,45 l, Unit Price: 2,95 €, Comparison Price: 
Product: Moomin Arabia Finland Muumi muki 0,3L Piisamirotta luolassa, Unit Price: 18,90 €, Comparison Price: 
Product: Moomin Arabia Finland Muumi muki 0,3L Nipsu rannalla, Unit Price: 18,90 €, Comparison Price: 
Product: House juomakanisteri Dots 3,5 l, Unit Price: 7,50 €, Comparison Price: 
Product: House juomapurkki Sydän 0,45 l, Unit Price: 2,95 €, Comparison Price: 
Product: House juomapurkki Pääkallo 4,5 dl, Unit Price: 2,50 €, Comparison Price: 
Product: Stor juomapullo Frozen Elements 6,2 dl, Unit Price: 12,50 €, Comparison Price: 
Product: Stor juomapullo Muumi 4,3 dl, Unit Price: 8,90 €, Comparison Price: 
Product: Luminarc kuohuviinilasi Reims 14,5 cl 6-pack, Unit Price: 5,90 €, Comparison Price: 0,98 €/kpl
Product: Stor juomapullo Ryhmä Hau 4 dl, Unit Price: 4,95 €, Comparison Price: 
Product: Stor juomapullo Prinsessat 4 dl, Unit Price: 4,95 €, Comparison Price: 
Product: Stor muki Pipsa Possu 2,65 dl, Unit Price: 2,50 €, Comparison Price: 
Product: Stor juomapullo Spiderman 6,2 dl, Unit Price: 12,50 €, Comparison Price: 
Product: Shampanjalasi 20 cl muovia, Unit Price: 2,50 €, Comparison Price: 
Product: Xtra jälkiruokahaarukka 6 kpl, Unit Price: 5,25 €, Comparison Price: 0,88 €/kpl
Product: Stor juomapullo Dinot 4 dl, Unit Price: 3,50 €, Comparison Price: 
Product: Moomin by Martinex juomapullo 3,5 dl Eloisa vaaleanpunainen, Unit Price: 15,90 €, Comparison Price: 
Product: Oluttuoppi 0,5 L muovia, Unit Price: 2,50 €, Comparison Price: 
Product: Daloplast olutlasi 45 cl lila, Unit Price: 2,90 €, Comparison Price: 
Product: Xtra ruokahaarukka 6 kpl, Unit Price: 5,95 €, Comparison Price: 0,99 €/kpl
Product: Moomin Arabia Muumi Muumipeikko muki 0,3 l, Unit Price: 18,90 €, Comparison Price: 
Product: Bormioli Rocco öljypullo 0,3 l Officina 1825, Unit Price: 5,95 €, Comparison Price: 
Product: Iittala Teema syvä lautanen 21 cm, valkoinen, Unit Price: 17,50 €, Comparison Price: 
Product: Makula KINKKU-JUUSTO CIABATTA 270g, Unit Price: 4,39 €, Comparison Price: 16,26 €/kg
Product: Fazer Imatran Riisipiirakka 6kpl 420g, Unit Price: 2,29 €, Comparison Price: 5,45 €/kg
Product: Fazer Rukiinen Riisipiirakka 6kpl 420g, Unit Price: 2,29 €, Comparison Price: 5,45 €/kg
Product: Fazer Vuoksen Riisipiirakka 9kpl 330g, Unit Price: 2,29 €, Comparison Price: 6,94 €/kg
Product: Coop riisipiirakka 6 kpl 390 g, Unit Price: 1,19 €, Comparison Price: 3,05 €/kg
Product: Saarioinen Iso vaalea riisipiirakka 9kpl 630g, Unit Price: 3,45 €, Comparison Price: 5,48 €/kg
Product: HoviRuoka 400g/4kpl Lihapiirakka, Unit Price: 1,65 €, Comparison Price: 4,12 €/kg
Product: Fazer Kaurainen Riisipiirakka 6kpl 420g, Unit Price: 2,29 €, Comparison Price: 5,45 €/kg
Product: HoviRuoka 495g/9kpl Riisipiirakka, Unit Price: 1,75 €, Comparison Price: 3,54 €/kg
Product: HoviRuoka 260g/4kpl Gluteeniton Riisipiirakka, Unit Price: 1,99 €, Comparison Price: 7,65 €/kg
Product: HoviRuoka 10x100g Lihapiirakka, Unit Price: 2,74 €, Comparison Price: 2,74 €/kg
Product: Piiras Kartano 4kpl/400g lihapiirakka kypsä, Unit Price: 1,89 €, Comparison Price: 4,72 €/kg
Product: HoviRuoka Perunapiirakka gluteeniton 4kpl / 260g, Unit Price: 1,65 €, Comparison Price: 6,35 €/kg
Product: HoviRuoka 240g/4kpl Vege Riisipiirakka, Unit Price: 1,09 €, Comparison Price: 4,54 €/kg
Product: HoviRuoka 4x115g VEGE Kasvispiirakka, Unit Price: 3,45 €, Comparison Price: 7,50 €/kg
Product: Hoviruoka 115g Kasvispiirakka, Unit Price: 0,99 €, Comparison Price: 8,61 €/kg
Product: Saarioinen Grahamlihapiirakka 4kpl 280g, Unit Price: 2,89 €, Comparison Price: 10,32 €/kg
Product: HK lihis kahdella nakilla 210g, Unit Price: 2,19 €, Comparison Price: 10,43 €/kg
Product: HK Perinteinen lihis 170g, Unit Price: 1,39 €, Comparison Price: 8,18 €/kg
Product: Asmara Herkkushop - Jauheliha/sipuli piirakka - 3x105g, Unit Price: 5,80 €, Comparison Price: 18,41 €/kg
Product: Saarioinen Grahamkasvispiirakka; grahampiirakka kasvistäytteellä 4kpl 280g, Unit Price: 2,89 €, Comparison Price: 10,32 €/kg
Product: Porokylän Lihapiirakka 2 kpl / 190 g gluteeniton, Unit Price: 3,59 €, Comparison Price: 18,89 €/kg
Product: Piirakkamestari Jättilihapiirakka 1/220g, Unit Price: 1,69 €, Comparison Price: 7,68 €/kg
Product: Asmara Herkkushop - Feta/pinaatti piirakka - 3x105g, Unit Price: 5,80 €, Comparison Price: 18,41 €/kg
Product: Asmara Herkkushop - Mozzarella/tomaatti piirakka - 3x105g, Unit Price: 5,80 €, Comparison Price: 18,41 €/kg
Product: Xtra Cookies suklaahippukeksi  150 g, Unit Price: 0,49 €, Comparison Price: 3,27 €/kg
Product: Fresh Hetki Arki Tonnikalapatonki 160g, Unit Price: 2,99 €, Comparison Price: 18,69 €/kg
Product: Coop valkosuklaa-karpalocookie 150 g, Unit Price: 1,15 €, Comparison Price: 7,67 €/kg
Product: Coop kahden suklaan cookie 150 g, Unit Price: 0,99 €, Comparison Price: 6,60 €/kg
Product: Coop valkosuklaa-sitruunacookie 150 g, Unit Price: 1,25 €, Comparison Price: 8,33 €/kg
Product: Coop kolmen suklaan cookie 180 g, Unit Price: 1,55 €, Comparison Price: 8,61 €/kg
Product: Coop kinuskicookie 175 g, Unit Price: 1,49 €, Comparison Price: 8,51 €/kg
Product: Coop hasselpähkinäkreemi-tummasuklaacookie 175 g, Unit Price: 1,49 €, Comparison Price: 8,51 €/kg
Product: Coop suklaaraecookie 150 g, Unit Price: 1,15 €, Comparison Price: 7,67 €/kg
Product: Mars Caramel centres keksi 144g, Unit Price: 2,99 €, Comparison Price: 20,76 €/kg
Product: Twix Caramel centres keksi 144g, Unit Price: 2,99 €, Comparison Price: 20,76 €/kg
Product: Marabou Homestyle Soft inside cookeis 156g, Unit Price: 2,79 €, Comparison Price: 17,88 €/kg
Product: Marabou Home Style chocolate filled cookies 156g, Unit Price: 2,79 €, Comparison Price: 17,88 €/kg
Product: Marabou Daim XL Cookies 184g, Unit Price: 3,09 €, Comparison Price: 16,79 €/kg
Product: Leivon Kauracookie mustikka & valkosuklaa 150g, Unit Price: 1,99 €, Comparison Price: 13,27 €/kg
Product: Bounty® Soft Baked Cookies keksi 180g, Unit Price: 2,99 €, Comparison Price: 16,61 €/kg
Product: Marabou Home Style Oreo Creme cookies 156g, Unit Price: 2,79 €, Comparison Price: 17,88 €/kg
Product: Marabou Cookie Loop cookies 156g, Unit Price: 3,29 €, Comparison Price: 18,69 €/kg
Product: Fazer Lontoo Rae Cookies 140g Gluteeniton, Unit Price: 4,49 €, Comparison Price: 32,07 €/kg
Product: Semper gluteeniton Cafe Style Cookies Chocolate, 150g, Unit Price: 4,45 €, Comparison Price: 29,67 €/kg
Product: Semper gluteeniton Cafe Style cookies salted caramel, 150g, Unit Price: 4,45 €, Comparison Price: 29,67 €/kg
Product: Gullón Suklaahippu cookie 150g Sokeriton, Unit Price: 1,79 €, Comparison Price: 11,93 €/kg
Product: Fazer Dumle Cookies gluteeniton 140g, Unit Price: 4,49 €, Comparison Price: 32,07 €/kg
Product: Fazer Pätkis Cookies gluteeniton 140g, Unit Price: 4,49 €, Comparison Price: 32,07 €/kg
Product: Gullón Cookie 200g Gluteeniton, Unit Price: 2,29 €, Comparison Price: 11,45 €/kg
Product: Kotimaista sika-nauta jauheliha 23 % 400 g, Unit Price: 2,75 €, Comparison Price: 6,88 €/kg
Product: Kotimaista sika-nauta jauheliha 23 % 700 g, Unit Price: 4,45 €, Comparison Price: 6,36 €/kg
Product: HK Viljaporsas- Nauta jauheliha 22% 1 kg, Unit Price: 7,49 €, Comparison Price: 7,49 €/kg
Product: Atria Possu-Nauta Jauheliha 300g, Unit Price: 2,59 €, Comparison Price: 8,63 €/kg
Product: Atria Kevyt Jauheliha 9,5% 400g, Unit Price: 3,95 €, Comparison Price: 9,88 €/kg
Product: Kotimaista nauta-sika jauheliha 20 % 700 g, Unit Price: 6,15 €, Comparison Price: 8,79 €/kg
Product: MUU Arkijauhis 320 g, Unit Price: 2,79 €, Comparison Price: 8,72 €/kg
Product: Atria Nauta-Viljapossu Jauheliha 250g, Unit Price: 2,49 €, Comparison Price: 9,96 €/kg
Product: Saarioinen Grillitassu kypsentämätön jauhelihapihvi sulatettu 4kpl 300g, Unit Price: 3,89 €, Comparison Price: 12,97 €/kg
Product: Tamminen naudan burgerpihvi 240g/2kpl, Unit Price: 3,99 €, Comparison Price: 16,63 €/kg
Product: Atria Nauta-Viljapossu Jauheliha 1kg, Unit Price: 7,95 €, Comparison Price: 7,95 €/kg
Product: HK Nauta-viljaporsas jauheliha 400 g, Unit Price: 3,89 €, Comparison Price: 9,73 €/kg
Product: Tamminen luomu nauta-sikajauheliha 20% 300g, Unit Price: 5,79 €, Comparison Price: 19,30 €/kg
Product: Kotimaista naudan burgerpihvi 500 g, Unit Price: 7,79 €, Comparison Price: 15,58 €/kg
Product: Saarioinen Juustotasku kypsentämätön juustolla täytetty jauhelihapihvi sulatettu 4kpl 350g, Unit Price: 5,25 €, Comparison Price: 15,00 €/kg
Product: Saarioinen Pekonigrillitassu kypsentämätön jauhelihapihvi 4kpl 300g, Unit Price: 3,98 €, Comparison Price: 13,27 €/kg
Product: HK Kebabpuikko 250g, Unit Price: 3,49 €, Comparison Price: 13,96 €/kg
Product: Naapurin Maalaiskanan burgerpihvi kanapekoni 500g, Unit Price: 5,99 €, Comparison Price: 11,98 €/kg
Product: Wotkin´s Hampurilaispihvi 300g, Unit Price: 5,49 €, Comparison Price: 18,30 €/kg
Product: Kariniemen Kebabpuikko 250 g, Unit Price: 3,49 €, Comparison Price: 13,96 €/kg
Product: Tamminen naudan ohut burgerpihvi 4kpl 480g, Unit Price: 7,99 €, Comparison Price: 16,65 €/kg
Product: Blistex Medilip huulivoide 2x4,25g, Unit Price: 2,75 €, Comparison Price: 343,75 €/kg
Product: Ketoinen - Viljaton Sämpylä 4 x 80g, kypsä halkaistu pakaste, Unit Price: 4,99 €, Comparison Price: 15,59 €/kg
Product: Havi kevät lahjapakkaus 1kpl (sis. kynttilät ja lautasliinat), Unit Price: 2,99 €, Comparison Price: 0,75 €/kpl
Product: Pap Star Kakkukynttilä 24kpl, Unit Price: 0,79 €, Comparison Price: 0,03 €/kpl
Product: L'Oréal Paris Age Perfect Golden Age silmänympärysvoide ikääntyvälle iholle 15ml, Unit Price: 13,95 €, Comparison Price: 930,00 €/l
Product: Tuoppi Kotikalja gluteeniton 1,5l, Unit Price: 4,72 €, Comparison Price: 2,88 €/l
Product: Bolsius tuoksutikut 60ml true scents peach, Unit Price: 3,95 €, Comparison Price: 65,83 €/l
Product: Makeup Revolution Superfix super hold misting spray suihke, Unit Price: 14,95 €, Comparison Price: 78,68 €/kpl
Product: Lumene Illuminating Valokynä 1 Original Light 1,8 ml, Unit Price: 16,90 €, Comparison Price: 
Product: Lumene CC Color Correcting Pohjustusvoide 20ml, Unit Price: 14,90 €, Comparison Price: 745,00 €/l
Product: Lumene Illuminating Valokynä 2 Medium 1,8 ml, Unit Price: 16,90 €, Comparison Price: 
Product: Lumene Matte Oil-Control Pohjustusvoide 20 ml, Unit Price: 14,90 €, Comparison Price: 745,00 €/l
Product: Lumene Blur Peitevoide Light 8,5ml, Unit Price: 14,90 €, Comparison Price: 1752,94 €/l
Product: essence CAMOUFLAGE+ MATT peitevoide 5 ml, Unit Price: 3,49 €, Comparison Price: 698,00 €/l
Product: Lumene Blur Pitkäkestoinen pohjustusvoide 20ml, Unit Price: 14,90 €, Comparison Price: 745,00 €/l
Product: Lumene Natural Glow Kosteuttava pohjustusvoide 20ml, Unit Price: 14,90 €, Comparison Price: 745,00 €/l
Product: L'Oréal Paris Infaillible 3-Second Setting Mist meikinkiinnityssuihke 75ml, Unit Price: 14,95 €, Comparison Price: 199,33 €/l
Product: essence stay ALL DAY 14h pitkäkestoinen peitevoide 7 ml, Unit Price: 3,29 €, Comparison Price: 470,00 €/l
Product: essence CAMOUFLAGE+ MATT peitevoide 5 ml, Unit Price: 3,49 €, Comparison Price: 698,00 €/l
Product: essence MAGIC FILTER glow buusteri 20, Unit Price: 4,99 €, Comparison Price: 356,43 €/l
Product: Maybelline New York Fit Me Concealer 05 Ivory -peitevoide 6,8ml, Unit Price: 8,90 €, Comparison Price: 
Product: essence baby got bronze bronzing stick aurinkopuuteripuikko 5,5 g, Unit Price: 3,69 €, Comparison Price: 615,00 €/kg
Product: Paese Hydrobase kosteuttava meikinpohjustusaine 30ml, Unit Price: 28,95 €, Comparison Price: 965,00 €/l
Product: Lumene Bright Eyes Silmämeikin pohjustusvoide 5 ml, Unit Price: 14,90 €, Comparison Price: 
Product: Maybelline New York Instant Anti Age Eraser 01 Light peitevoide 6,8ml, Unit Price: 9,90 €, Comparison Price: 
Product: Maybelline New York Instant Anti Age Eraser 00 Ivory peitevoide 6,8ml, Unit Price: 9,90 €, Comparison Price: 
Product: Maybelline New York Instant Anti Age Eraser 115 Warm Light peitevoide 6,8ml, Unit Price: 9,90 €, Comparison Price: 
Product: Lumene Invisible Illumination Dewy Glow Kosteuttava meikinkiinnityssuihke 100 ml, Unit Price: 19,95 €, Comparison Price: 199,50 €/l
Product: essence CAMOUFLAGE+ MATT peitevoide 5 ml, Unit Price: 3,49 €, Comparison Price: 698,00 €/l
Product: essence MAGIC FILTER glow buusteri 30, Unit Price: 4,99 €, Comparison Price: 356,43 €/l
Product: Maybelline New York  Fit Me Concealer 10 peiteväri 6,8ml, Unit Price: 8,90 €, Comparison Price: 
Product: A'Pieu Chocolate Milk One-Pack, Unit Price: 1,25 €, Comparison Price: 
Product: Valio Tuuti® 2 maitopohjainen vieroitusvalmiste 200 ml UHT, Unit Price: 0,69 €, Comparison Price: 3,45 €/l
Product: Valio Tuuti® 2 maitopohjainen vieroitusvalmiste 1 l UHT, Unit Price: 2,59 €, Comparison Price: 2,59 €/l
Product: Valio Tuuti® 1 maitopohjainen äidinmaidonkorvike 200 ml UHT, Unit Price: 0,69 €, Comparison Price: 3,45 €/l
Product: Valio Tuuti® 1 maitopohjainen äidinmaidonkorvike 1 l UHT, Unit Price: 2,59 €, Comparison Price: 2,59 €/l
Product: Arla Little Baby 2 200 ml Luomu UHT maitopohjainen vieroitusvalmiste käyttövalmis, Unit Price: 0,75 €, Comparison Price: 3,75 €/l
Product: Arla Little Baby 2 500 ml Luomu maitopohjainen vieroitusvalmiste UHT käyttövalmis, Unit Price: 1,79 €, Comparison Price: 3,58 €/l
Product: Nestlé Nan 200ml Pro 2 maitopohjainen käyttövalmis vierotusvalmiste, Unit Price: 0,79 €, Comparison Price: 3,95 €/l
Product: Nestlé Nan 1000ml Pro 2 maitopohjainen käyttövalmis vierotusvalmiste, Unit Price: 2,79 €, Comparison Price: 2,79 €/l
Product: Nestlé Nan 500ml Pro 2 maitopohjainen käyttövalmis vierotusvalmiste, Unit Price: 1,75 €, Comparison Price: 3,50 €/l
Product: Arla Little Baby 1 500 ml Luomu maitopohjainen äidinmaidonkorvike UHT käyttövalmis, Unit Price: 1,79 €, Comparison Price: 3,58 €/l
Product: Arla Little Baby 1 200 ml  Luomu maitopohjainen käyttövalmis UHT äidinmaidonkorvike, Unit Price: 0,75 €, Comparison Price: 3,75 €/l
Product: Nestlé Nan 200ml HA 2 maitopohjainen käyttövalmis vieroitusvalmiste, Unit Price: 0,93 €, Comparison Price: 4,65 €/l
Product: Nestlé NAN PRO 1 Äidinmaidonkorvike 1000ml, Unit Price: 2,79 €, Comparison Price: 2,79 €/l
Product: Nestlé NAN PRO 1 Äidinmaidonkorvike 500ml, Unit Price: 1,75 €, Comparison Price: 3,50 €/l
Product: Nestlé NAN PRO 1 Äidinmaidonkorvike 200ml, Unit Price: 0,79 €, Comparison Price: 3,95 €/l
Product: Nestlé Nan 200ml HA 1 maitopohjainen käyttövalmis äidinmaidonkorvike, Unit Price: 0,93 €, Comparison Price: 4,65 €/l
Product: 6x Nestlé Nan 200ml Pro 2 maitopohjainen käyttövalmis vierotusvalmiste, Unit Price: 4,74 €, Comparison Price: 3,95 €/l
Product: Semper BabySemp 2 200ml käyttövalmis maitopohjainen vieroitusvalmiste alkaen 6kk, Unit Price: 0,79 €, Comparison Price: 3,95 €/l
Product: 6x Nestlé NAN PRO 1 Äidinmaidonkorvike 200ml, Unit Price: 4,74 €, Comparison Price: 3,95 €/l
Product: Semper BabySemp1 200ml käyttövalmis maitopohjainen äidinmaidonkorvike syntymästä alkaen, Unit Price: 0,79 €, Comparison Price: 3,95 €/l
Product: Valio Tuuti® 2 maitopohjainen vieroitusvalmistejauhe 800 g, Unit Price: 10,89 €, Comparison Price: 13,61 €/kg
Product: Nestlé Nan Pro 2 Maitopohjainen vieroitusvalmiste 800g, Unit Price: 14,20 €, Comparison Price: 17,75 €/kg
Product: Nestlé Nan 800g Pro 3 käyttövalmis pikkulasten maitojuoma 12kk, Unit Price: 12,95 €, Comparison Price: 16,19 €/kg
Product: Valio Tuuti® 1 maitopohjainen äidinmaidonkorvikejauhe 800 g, Unit Price: 10,89 €, Comparison Price: 13,61 €/kg
Product: Natuk Skin Recovery 15ml Ravitseva Silmänympärysvoide, Unit Price: 19,85 €, Comparison Price: 1323,33 €/l
Product: Labello 4,8g Original -huulivoide, Unit Price: 1,00 €, Comparison Price: 200,00 €/kg
Product: Lumene HERKKÄ Rauhoittava & ravitseva silmänympärysvoide 15 ml, Unit Price: 23,95 €, Comparison Price: 1596,67 €/l
Product: Garnier SkinActive Moisture Bomb kosteuttava kangasnaamio kasvoille 28g, Unit Price: 1,99 €, Comparison Price: 71,07 €/kg
Product: Erisan+ Prebioottinen Silmänympärysvoide 15ml, Unit Price: 14,95 €, Comparison Price: 996,67 €/l
Product: Bonne Trooppinen sose 0,5L, Unit Price: 2,00 €, Comparison Price: 4,00 €/l
Product: Roquefort 100g Société sinihomejuusto, Unit Price: 3,99 €, Comparison Price: 39,90 €/kg
Product: Kotimaista sika-nauta jauheliha 23 % 400 g, Unit Price: 2,75 €, Comparison Price: 6,88 €/kg
Product: Kotimaista sika-nauta jauheliha 23 % 700 g, Unit Price: 4,45 €, Comparison Price: 6,36 €/kg
Product: HK Viljaporsas- Nauta jauheliha 22% 1 kg, Unit Price: 7,49 €, Comparison Price: 7,49 €/kg
Product: Atria Possu-Nauta Jauheliha 300g, Unit Price: 2,59 €, Comparison Price: 8,63 €/kg
Product: Atria Kevyt Jauheliha 9,5% 400g, Unit Price: 3,95 €, Comparison Price: 9,88 €/kg
Product: Kotimaista nauta-sika jauheliha 20 % 700 g, Unit Price: 6,15 €, Comparison Price: 8,79 €/kg
Product: MUU Arkijauhis 320 g, Unit Price: 2,79 €, Comparison Price: 8,72 €/kg
Product: Atria Nauta-Viljapossu Jauheliha 250g, Unit Price: 2,49 €, Comparison Price: 9,96 €/kg
Product: Saarioinen Grillitassu kypsentämätön jauhelihapihvi sulatettu 4kpl 300g, Unit Price: 3,89 €, Comparison Price: 12,97 €/kg
Product: Atria Nauta-Viljapossu Jauheliha 1kg, Unit Price: 7,95 €, Comparison Price: 7,95 €/kg
Product: Tamminen naudan burgerpihvi 240g/2kpl, Unit Price: 3,99 €, Comparison Price: 16,63 €/kg
Product: HK Nauta-viljaporsas jauheliha 400 g, Unit Price: 3,89 €, Comparison Price: 9,73 €/kg
Product: Tamminen luomu nauta-sikajauheliha 20% 300g, Unit Price: 5,79 €, Comparison Price: 19,30 €/kg
Product: Kotimaista naudan burgerpihvi 500 g, Unit Price: 7,79 €, Comparison Price: 15,58 €/kg
Product: Saarioinen Pekonigrillitassu kypsentämätön jauhelihapihvi 4kpl 300g, Unit Price: 3,98 €, Comparison Price: 13,27 €/kg
Product: Saarioinen Juustotasku kypsentämätön juustolla täytetty jauhelihapihvi sulatettu 4kpl 350g, Unit Price: 5,25 €, Comparison Price: 15,00 €/kg
Product: HK Kebabpuikko 250g, Unit Price: 3,49 €, Comparison Price: 13,96 €/kg
Product: Tamminen naudan ohut burgerpihvi 4kpl 480g, Unit Price: 7,99 €, Comparison Price: 16,65 €/kg
Product: Kariniemen Kebabpuikko 250 g, Unit Price: 3,49 €, Comparison Price: 13,96 €/kg
Product: Naapurin Maalaiskanan burgerpihvi kanapekoni 500g, Unit Price: 5,99 €, Comparison Price: 11,98 €/kg
Product: Wotkin´s Hampurilaispihvi 300g, Unit Price: 5,49 €, Comparison Price: 18,30 €/kg
Product: Président Sainte Maure vuohenjuusto 200g, Unit Price: 4,35 €, Comparison Price: 21,75 €/kg
Product: Labello 4,8g Active For Men SK15 -huulivoide, Unit Price: 1,60 €, Comparison Price: 320,00 €/kg
Product: Elovena 400g gluteenittomat kaura-porkkanasämpylät, pakaste, Unit Price: 3,39 €, Comparison Price: 8,48 €/kg
Product: Coop Kinkku-juustokolmioleipä 150g, Unit Price: 1,49 €, Comparison Price: 9,93 €/kg
Product: Ukko-Pekka kotikaljan makuinen hiilihapollinen juoma 1,5 l, Unit Price: 2,95 €, Comparison Price: 1,70 €/l
Product: Airwick geeli morning rain od.stop, Unit Price: 2,39 €, Comparison Price: 15,93 €/kg
Product: Santa Maria 320G Tex Mex Tortilla Original Medium 8-pack, Unit Price: 1,79 €, Comparison Price: 5,59 €/kg
Product: Xtra pehmeät vehnätortillat 8 kpl 280 g, Unit Price: 0,79 €, Comparison Price: 2,82 €/kg
Product: Coop iso täysjyvävehnätortilla 370 g 6 kpl, Unit Price: 1,25 €, Comparison Price: 3,38 €/kg
Product: Coop vehnätortilla 320 g 8 kpl, Unit Price: 1,09 €, Comparison Price: 3,41 €/kg
Product: Santa Maria Tortilla Original Medium vehnätortilla 12 kpl 480 g, Unit Price: 2,65 €, Comparison Price: 5,52 €/kg
Product: Santa Maria Tortilla Whole Wheat Medium täysjyvätortilla 8 kpl 320 g, Unit Price: 3,09 €, Comparison Price: 9,66 €/kg
Product: Santa Maria Tortilla Original Large vehnätortilla 6 kpl 371 g, Unit Price: 2,35 €, Comparison Price: 6,33 €/kg
Product: Santa Maria Tortilla Corn & Wheat Medium 8 kpl, 336 g, Unit Price: 3,05 €, Comparison Price: 9,08 €/kg
Product: Coop iso vehnätortilla 370 g 6 kpl, Unit Price: 1,25 €, Comparison Price: 3,38 €/kg
Product: Coop vehnätortilla 480 g 12 kpl, Unit Price: 1,59 €, Comparison Price: 3,31 €/kg
Product: Old El Paso 6kpl/216g gluteenittomat Tortillat, Unit Price: 3,29 €, Comparison Price: 15,23 €/kg
Product: Santa Maria Tortilla Original Large vehnätortilla 12 kpl, 742 g, Unit Price: 4,69 €, Comparison Price: 6,32 €/kg
Product: Santa Maria 200G Tortilla Corn & Wheat Small (8-pack) 200Gx14, Unit Price: 2,19 €, Comparison Price: 10,95 €/kg
Product: Santa Maria Tortilla Original Small vehnätortilla 8 kpl, 200 g, Unit Price: 2,59 €, Comparison Price: 12,95 €/kg
Product: Old El Paso Medium Tortillas Original Super Soft & Flexible 8kpl/326g, Unit Price: 1,75 €, Comparison Price: 5,37 €/kg
Product: Old El Paso 193g Stand'n'Stuff Soft Taco Boats, Unit Price: 1,99 €, Comparison Price: 10,31 €/kg
Product: Old El Paso Gluteeniton Tortilla 4kpl/215g, Unit Price: 3,99 €, Comparison Price: 18,56 €/kg
Product: Santa Maria White Corn Tortilla small maissitortilla (8-pack) 208g, Unit Price: 2,79 €, Comparison Price: 13,41 €/kg
Product: El Taco Truck Tortilla 320g, Unit Price: 1,99 €, Comparison Price: 6,22 €/kg
Product: Santa Maria Tortilla Oat Medium kauratortilla (6-pack) 240g, Unit Price: 2,59 €, Comparison Price: 10,79 €/kg
Product: Old El Paso 10kpl/208g White Corn Tortillat gluteeniton, Unit Price: 3,59 €, Comparison Price: 17,26 €/kg
Product: Altin Aslan Durum vehnätortilla 540g 6kpl, Unit Price: 2,79 €, Comparison Price: 5,17 €/kg
Product: Corn Tortillas - Maissitortilla, Unit Price: 2,49 €, Comparison Price: 12,77 €/kg
Product: Santa Maria Tortilla Original Medium Vehnätortilla Luomu 8 kpl 320 g, Unit Price: 2,85 €, Comparison Price: 8,91 €/kg
Product: Stay WELL Classic Mask Aloe Moisturizing, Unit Price: 0,99 €, Comparison Price: 
Product: Lumene LÄHDE Kosteuttava Silmänympärysgeeli 15ml, Unit Price: 21,95 €, Comparison Price: 1463,33 €/l
Product: Esfolio Pure skin Vitamin C kangasnaamio, Unit Price: 1,69 €, Comparison Price: 
Product: Garnier SkinActive Hyaluronic Cryo Jelly Sheet Mask kangasnaamio 27g, Unit Price: 1,99 €, Comparison Price: 73,70 €/kg
Product: Garnier Skin Active Moisture Bomb kosteuttava kangasnaamio kuivalle ja herkälle iholle 32g, Unit Price: 1,99 €, Comparison Price: 
Product: Nectar of Bio moisturizing eye contour silmänympärysvoide 15 ml, Unit Price: 3,95 €, Comparison Price: 263,33 €/l
Product: Labello 4,8g Soft Rosé -huulivoide, Unit Price: 1,15 €, Comparison Price: 230,00 €/kg
Product: Fazer Domino Fun Dumle herkuttelukeksi 120g, Unit Price: 2,39 €, Comparison Price: 19,92 €/kg
Product: Onnea kynttilä, Unit Price: 3,25 €, Comparison Price: 
Product: Bonne Päärynäsose 0,5L, Unit Price: 3,09 €, Comparison Price: 6,18 €/l
Product: Airwick Aerosol Lavender 300ML, Unit Price: 3,19 €, Comparison Price: 10,63 €/l
Product: SodaStream 7UP free -juomatiiviste 440ml, Unit Price: 5,90 €, Comparison Price: 13,41 €/l
Product: Mysoda Sitruuna-Lime Sokeriton Virvoitusjuomatiiviste 500ml, Unit Price: 4,69 €, Comparison Price: 9,38 €/l
Product: SodaStream Mountain Dew Diet -juomatiiviste 440ml, Unit Price: 5,90 €, Comparison Price: 13,41 €/l
Product: Bolsius True Scents – huonetuoksu – Lavender – 60 ml, Unit Price: 3,95 €, Comparison Price: 65,83 €/l
Product: Saarioinen Vadelmamarmeladi 230g, Unit Price: 2,59 €, Comparison Price: 11,26 €/kg
Product: Rummo Perunagnocchi 500g, Unit Price: 2,49 €, Comparison Price: 4,98 €/kg
Product: SPR ensiapulaukku yleiskäyttöön, Unit Price: 48,90 €, Comparison Price: 
Product: Wilson tennispallo US Open 4 kpl keltainen, Unit Price: 8,95 €, Comparison Price: 2,24 €/kpl
Product: Teloon tennispallo 3 kpl T801, Unit Price: 3,99 €, Comparison Price: 1,33 €/kpl
Product: Head Championship -tennispallo 4B, Unit Price: 8,99 €, Comparison Price: 2,25 €/kpl
Product: Wilson tennispallo Starter Play 4 kpl keltainen, Unit Price: 9,95 €, Comparison Price: 2,49 €/kpl
Product: Dunlop ATP Champion 4B tennispallo, Unit Price: 9,95 €, Comparison Price: 2,49 €/kpl
Product: Wilson tennispallo Triniti 4 kpl, Unit Price: 12,95 €, Comparison Price: 3,24 €/kpl
Product: Wilson päälligrippi 3kpl valkoinen, Unit Price: 10,95 €, Comparison Price: 3,65 €/kpl
Product: Wilson päälligrippi 3 kpl musta, Unit Price: 10,95 €, Comparison Price: 3,65 €/kpl
Product: Head Softac Traction -tennisvaihtogrippi, Unit Price: 7,95 €, Comparison Price: 
Product: Teloon aikuisten tennismaila basic T838, Unit Price: 15,95 €, Comparison Price: 
Product: Wilson vaihtogrippi musta, Unit Price: 10,95 €, Comparison Price: 
Product: Wilson Tennismaila Fusion XL, Unit Price: 34,95 €, Comparison Price: 
Product: Wilson Pro Feel tärinänvaimennin, Unit Price: 6,95 €, Comparison Price: 3,48 €/kpl
Product: Wilson tennismaila Blade Feel Team 103, Unit Price: 79,95 €, Comparison Price: 
Product: Wilson tennismaila ultra power XL 112, Unit Price: 54,95 €, Comparison Price: 
Product: Wilson tennismaila US Open 23, Unit Price: 34,95 €, Comparison Price: 
Product: Wilson Tennismaila US Open 25, Unit Price: 34,95 €, Comparison Price: 
Product: Head Geo Speed -tennismaila, Unit Price: 69,95 €, Comparison Price: 
Product: Head Tour Pro -tennismaila, Unit Price: 49,95 €, Comparison Price: 
Product: Wilson tennismaila Pro Staff RXT 105, Unit Price: 89,95 €, Comparison Price: 
Product: Wilson tennismaila Six.Two, Unit Price: 99,95 €, Comparison Price: 
Product: Wilson tennismaila Tour Slam Lite, Unit Price: 34,95 €, Comparison Price: 
Product: Wilson Tennismaila Aggressor 112, Unit Price: 44,95 €, Comparison Price: 
Product: WILSON GRIPPI REPLACEMENT VALKOINEN, Unit Price: 10,95 €, Comparison Price: 
Product: Snellman naudan marmoroitu ulkofilee, Unit Price: 54,90 €, Comparison Price: 
Product: Bolsius True Scents – huonetuoksu – Granaattiomena – 60 ml, Unit Price: 1,99 €, Comparison Price: 33,17 €/l
Product: Eyenlip 25 ml kangasnaamio Aloe Vera, Unit Price: 1,89 €, Comparison Price: 
Product: Smuuti Skin Watermelon Dew Seerumi 30 ml, Unit Price: 13,95 €, Comparison Price: 465,00 €/l
Product: Pieni Suklaatehdas Rocky Road Vaahtokarkki 120g, Unit Price: 6,45 €, Comparison Price: 53,75 €/kg
Product: Werther´s Original 135g Cream Candies, Unit Price: 2,09 €, Comparison Price: 15,48 €/kg
Product: Jupiter jalkapumppu kevyt, Unit Price: 7,99 €, Comparison Price: 
Product: Jupiter jalkapumppu mittarilla, Unit Price: 14,95 €, Comparison Price: 
Product: Jupiter retkipumppu 40 cm musta, Unit Price: 3,99 €, Comparison Price: 
Product: Jupiter adapterilajitelma venttiileille, Unit Price: 3,99 €, Comparison Price: 
Product: Jupiter minipyöränpumppu T-kahvalla, Unit Price: 11,95 €, Comparison Price: 
Product: Jupiter jalkapumppu mittarilla, Unit Price: 22,95 €, Comparison Price: 
Product: Jupiter minipumppu pyörään, Unit Price: 5,99 €, Comparison Price: 
Product: Zefal jalkapumppu Profil Max FP30, Unit Price: 42,95 €, Comparison Price: 
Product: Jupiter pumppu+suutinsetti Microquicker, Unit Price: 16,95 €, Comparison Price: 
Product: Zefal Z cross AL pyöränpumppu, Unit Price: 22,95 €, Comparison Price: 
Product: Zefal täyttöpatruuna CO2, Unit Price: 6,99 €, Comparison Price: 
Product: Zefal Pumppu Iskari/joustohaarukka Z Shock, Unit Price: 49,95 €, Comparison Price: 
Product: Zefal EZ Big Shot pumppu, Unit Price: 16,95 €, Comparison Price: 
Product: Bolsius Pieni öljykynttilä Valkoinen, Unit Price: 0,95 €, Comparison Price: 
Product: Kariniemen Broilerin Rintafilee Maustamaton, Unit Price: 8,90 €, Comparison Price: 
Product: Schär Croissant à la française 220g, Gluteeniton voisarvi pakaste, Unit Price: 4,50 €, Comparison Price: 20,45 €/kg
Product: Ketoinen Viljaton Pizzapohja 2x100g, pakaste, Unit Price: 4,99 €, Comparison Price: 24,95 €/kg
Product: Brander Mangoleivos gton 2 kpl/160g, Unit Price: 4,99 €, Comparison Price: 31,19 €/kg
Product: Moilas Gluten-Free Tortilla 4kpl/280g kypsä pakaste, Unit Price: 5,99 €, Comparison Price: 21,39 €/kg
Product: Gluteeniton Kinkkupiiras, 500g, Unit Price: 7,99 €, Comparison Price: 15,98 €/kg
Product: Carrefour kakkukynttilä sininen 20 kpl, Unit Price: 1,15 €, Comparison Price: 0,06 €/kpl
Product: IBA 75ml CORAL REEF Pyramid ilmanraikastin, Unit Price: 2,89 €, Comparison Price: 38,53 €/l
Product: URTEKRAM Luomu Fragrance Free Hellävarainen Silmänympärysvoide 15ml, Unit Price: 6,65 €, Comparison Price: 443,33 €/l
Product: Rainbow 150g ilmanraikastin Ocean, Unit Price: 1,59 €, Comparison Price: 10,60 €/kg
Product: Silver Fern Farms saksanhirven kruunukyljys, Unit Price: 51,90 €, Comparison Price: 
Product: Karl Fazer Suolainen Toffeekrokantti suklaalevy 180 g, Unit Price: 3,45 €, Comparison Price: 19,17 €/kg
Product: Makula NAUDANPAISTI-JUUSTO TUMMAPATONKI 270g, Unit Price: 4,39 €, Comparison Price: 16,26 €/kg
Product: Rainbow 300g vadelmamarmeladi paistonkestävä, Unit Price: 2,39 €, Comparison Price: 7,97 €/kg
Product: Rainbow öljykynttilä pieni 2kpl, Unit Price: 0,99 €, Comparison Price: 0,50 €/kpl
Product: Taika Silmänympärysvoide ECO 15ml, Unit Price: 8,95 €, Comparison Price: 596,67 €/l
Product: Myllyn Paras Pyöreä Piirakkataikina suolainen 380g, Unit Price: 1,89 €, Comparison Price: 4,97 €/kg
Product: Eyenlip 25 ml kangasnaamio Hyaluronic Acid, Unit Price: 1,89 €, Comparison Price: 
Product: L300 Hyaluronic Renewal Anti-Age Eye Cream silmänympärysvoide 15ml, Unit Price: 14,85 €, Comparison Price: 990,00 €/l
Product: Rainbow ECO lautanen 23cm 30kpl, Unit Price: 1,61 €, Comparison Price: 0,05 €/kpl
Product: Rainbow Eco syvä lautanen 350ml 25kpl, Unit Price: 1,75 €, Comparison Price: 0,07 €/kpl
Product: Rainbow Eco lautanen 18cm 40kpl, Unit Price: 1,00 €, Comparison Price: 0,03 €/kpl
Product: Rainbow eco muovilasi 250ml 25 kpl, Unit Price: 1,15 €, Comparison Price: 0,05 €/kpl
Product: Duni 8kpl 13,5cl Brilliance kuohuviinilasi, Unit Price: 3,15 €, Comparison Price: 0,39 €/kpl
Product: Mini-Maid Kartonkilautanen valkoinen 26cm FSC, Unit Price: 3,45 €, Comparison Price: 0,17 €/kpl
Product: Mini-Maid Kartonkilautanen ruskea 23x23cm valkaisematon kartonki FSC, Unit Price: 2,89 €, Comparison Price: 0,14 €/kpl
Product: Smile sokeriruoko lautaset 26cm, 10 kpl, Unit Price: 2,15 €, Comparison Price: 0,22 €/kpl
Product: Rainbow eco olutlasi 400ml 25 kpl, Unit Price: 1,85 €, Comparison Price: 0,07 €/kpl
Product: Smile sokeriruoko kulhot 500ml, 10 kpl, Unit Price: 1,89 €, Comparison Price: 0,19 €/kpl
Product: Mini-Maid 22cm lautanen ruskea, Unit Price: 1,99 €, Comparison Price: 0,10 €/kpl
Product: Mini-Maid Kartonkilautanen ruskea 18x18cm valkaisematon kartonki FSC, Unit Price: 1,99 €, Comparison Price: 0,10 €/kpl
Product: Smile sokeriruoko lautaset 18cm, 10 kpl, Unit Price: 1,29 €, Comparison Price: 0,13 €/kpl
Product: Mini-Maid Grillilautanen 16x19cm ruskea valkaisematonkartonki FSC, Unit Price: 2,45 €, Comparison Price: 0,12 €/kpl
Product: Mini-Maid Kartonkilautanen valkoinen 23x23cm FSC, Unit Price: 2,45 €, Comparison Price: 0,12 €/kpl
Product: Huhtamaki kartonkilautanen 20x18cm Kesä, Unit Price: 2,29 €, Comparison Price: 0,11 €/kpl
Product: Huhtamaki kartonkilautanen 20x22cm Kesä, Unit Price: 2,99 €, Comparison Price: 0,15 €/kpl
Product: Smile sokeriruoko lautaset 22cm, 10 kpl, Unit Price: 1,89 €, Comparison Price: 0,19 €/kpl
Product: Ecotime kuitulautanen ovaali 26x19cm 12kpl, Unit Price: 2,85 €, Comparison Price: 0,24 €/kpl
Product: Lumene VEDENKESTÄVÄ silmä- ja huulimeikin poistoaine 200ml, Unit Price: 9,35 €, Comparison Price: 46,75 €/l
Product: Huhtamaki kartonkinen grillirasia 10x950ml, Unit Price: 3,15 €, Comparison Price: 0,32 €/kpl
Product: Mini-Maid Syvä kartonkilautanen ruskea 500ml valkaisematon kartonki FSC, Unit Price: 2,95 €, Comparison Price: 0,15 €/kpl
Product: Papstar Pure lautanen palmunlehti 23x2,5cm 6kpl, Unit Price: 4,49 €, Comparison Price: 0,75 €/kpl
Product: Duni Bio 27cl Sweet bagassikulho 10kpl x 8, Unit Price: 2,45 €, Comparison Price: 0,25 €/kpl
Product: Smile Bio Muovilasi 250ml, 20 kpl, Unit Price: 2,45 €, Comparison Price: 0,12 €/kpl
Product: Amscan kakkukynttilä hopeanvärinen 10kpl, Unit Price: 2,05 €, Comparison Price: 0,21 €/kpl
Product: Airam sammutuspeite 120x180cm, Unit Price: 16,95 €, Comparison Price: 
Product: Herkkumaa Appelsiinimarmeladi 450g, Unit Price: 2,99 €, Comparison Price: 6,64 €/kg
Product: L300 Pro-Retinol Firming Eye & Lip Cream fragrance free hajusteeton voide silmien ja huulien ympärillä olevalle iholle 15ml, Unit Price: 19,75 €, Comparison Price: 1316,67 €/l
Product: Mrs Darlington`s Appelsiinimarmeladi 340g, Unit Price: 2,98 €, Comparison Price: 8,76 €/kg
Product: Lumene ANTI-AGE Silottava kangasnaamio 1 kpl, Unit Price: 4,95 €, Comparison Price: 
Product: Rainbow ilmanraikastaja Citrus täyttöpakkaus 3x15ml, Unit Price: 2,09 €, Comparison Price: 46,44 €/l
Product: Lumene KLASSIKKO Rauhoittava silmänympärysvoide 15 ml, Unit Price: 6,55 €, Comparison Price: 436,67 €/l
Product: Kurkku, Unit Price: 0,84 €, Comparison Price: 2,49 €/kg
Product: Tomaatti Suomi, Unit Price: 0,34 €, Comparison Price: 3,29 €/kg
Product: Mansikka 400 g, Unit Price: 2,49 €, Comparison Price: 6,23 €/kg
Product: Kesäkurpitsa vihreä, Unit Price: 0,81 €, Comparison Price: 2,69 €/kg
Product: Rainbow avokado 800g, Unit Price: 3,89 €, Comparison Price: 4,86 €/kg
Product: Kevätsipulinippu 100g, Unit Price: 2,19 €, Comparison Price: 21,90 €/kg
Product: Pensasmustikka 300g, Unit Price: 4,39 €, Comparison Price: 14,63 €/kg
Product: Pensasmustikka 125g, Unit Price: 1,99 €, Comparison Price: 15,92 €/kg
Product: Coop vesimeloni, Unit Price: 5,23 €, Comparison Price: 2,09 €/kg
Product: Helmitomaattipikari 200g, Unit Price: 2,79 €, Comparison Price: 13,95 €/kg
Product: Aprikoosi 500g, Unit Price: 2,19 €, Comparison Price: 4,38 €/kg
Product: Miniluumutomaatti 500g, Unit Price: 4,29 €, Comparison Price: 8,58 €/kg
Product: Avokado pakattu 400 g, Unit Price: 0,99 €, Comparison Price: 2,47 €/kg
Product: Vadelmarasia 225g, Unit Price: 4,19 €, Comparison Price: 18,62 €/kg
Product: Kotimaista yleisperuna 2 kg, Unit Price: 1,79 €, Comparison Price: 0,90 €/kg
Product: Oranssi helmitom. 200g, Unit Price: 2,79 €, Comparison Price: 13,95 €/kg
Product: Grillipaprika Padron 200g, Unit Price: 1,39 €, Comparison Price: 6,95 €/kg
Product: Kotimaista rucola rasia 50 g, Unit Price: 1,99 €, Comparison Price: 39,80 €/kg
Product: Hetki Pinaatti 50g, Unit Price: 0,99 €, Comparison Price: 19,80 €/kg
Product: Hetki Rucola 50g, Unit Price: 0,99 €, Comparison Price: 19,80 €/kg
Product: Järvikylän Kartanon salaatti Suomi, Unit Price: 0,99 €, Comparison Price: 8,61 €/kg
Product: Tankoparsa vihreä 250 g, Unit Price: 5,39 €, Comparison Price: 21,56 €/kg
Product: Karhunvadelma 125g, Unit Price: 3,09 €, Comparison Price: 24,72 €/kg
Product: Kasvihuone varhaisperuna, Unit Price: 1,20 €, Comparison Price: 9,99 €/kg
Product: LV 15ml Silmänympärysvoide, Unit Price: 5,85 €, Comparison Price: 390,00 €/l
Product: Lumene VALO Heleyttävä silmänympärysseerumi 10 ml, Unit Price: 24,95 €, Comparison Price: 2495,00 €/l
Product: Bolsius True Scents – huonetuoksu – Mango – 60 ml, Unit Price: 1,99 €, Comparison Price: 33,17 €/l
Product: Blistex Lip Infusions Hydration huulivoide 3,7g, Unit Price: 2,85 €, Comparison Price: 712,50 €/kg
Product: Saarioinen Aprikoosimarmeladi 230g, Unit Price: 1,59 €, Comparison Price: 6,91 €/kg
Product: Airwick Aerosol Magnolia & Cherry blossom 300ML, Unit Price: 3,19 €, Comparison Price: 10,63 €/l
Product: Lumene HELLÄ Kosteuttava kangasnaamio 1 kpl, Unit Price: 4,05 €, Comparison Price: 
Product: Lumene LUMO Silottava & kiinteyttävä silmänympärysvoide 15 ml, Unit Price: 26,50 €, Comparison Price: 1766,67 €/l
Product: Vaseline Klöver huulivoide 4,8g, Unit Price: 2,35 €, Comparison Price: 489,58 €/kg
Product: Blistex Protect Plus huulivoide 4,25g, Unit Price: 2,75 €, Comparison Price: 687,50 €/kg
Product: Amscan kakkukynttilä kullanvärinen 10kpl, Unit Price: 2,05 €, Comparison Price: 0,21 €/kpl
Product: Esfolio Pure Skin Hyaluronic Acid kangasnaamio, Unit Price: 1,69 €, Comparison Price: 
Product: Aurinkovoide Beauty of Joseon Relief Sun : Rice +Probiotics 50ml, Unit Price: 19,95 €, Comparison Price: 399,00 €/l
Product: Beauty of Joseon Ginseng Moist Sun Serum, Unit Price: 21,95 €, Comparison Price: 439,00 €/l
Product: Mossa Vitamin Cocktail kasvoöljy, 30ml, Unit Price: 13,35 €, Comparison Price: 445,00 €/l
Product: Shave Club Finland partaöljy metsuri 30ml, Unit Price: 11,15 €, Comparison Price: 371,67 €/l
Product: Beauty of Joseon Glow Serum: Propolis+Niacinamide, Unit Price: 19,95 €, Comparison Price: 665,00 €/l
Product: Beauty of Joseon Matte Sun Stick : Mugwort + Camellia Aurinkopuikko, Unit Price: 19,95 €, Comparison Price: 1108,33 €/kg
Product: L'Oréal Paris Men Expert Barber Club Beard & Hair Styling Cream parran ja hiustenmuotoiluvoide 75ml, Unit Price: 9,55 €, Comparison Price: 127,33 €/l
Product: Lumene VALO Ravitseva vitamiini-tehohoito 30ml, Unit Price: 27,95 €, Comparison Price: 931,67 €/l
Product: Shave Club Finland partavaha metsuri 60ml, Unit Price: 16,95 €, Comparison Price: 282,50 €/l
Product: Scandy Dew Me a Favor Prep & Refresh Face Mist kasvosuihke 100 ml, Unit Price: 9,95 €, Comparison Price: 99,50 €/l
Product: Scandy Spot the F Off Invisible Blemish Patches täsmähoitotuote näppylöille 24 kpl, Unit Price: 9,95 €, Comparison Price: 0,41 €/kpl
Product: Lumene LUMO Silottava & kiinteyttävä pikakaunistaja 30 ml, Unit Price: 28,50 €, Comparison Price: 950,00 €/l
Product: Neutrogena Clear & Defend Rapid Gel täsmähoitogeeli 15 ml, Unit Price: 6,85 €, Comparison Price: 456,67 €/l
Product: MOSSA Acne Act Täsmätipat finneihin ja epäpuhtauksiin 15ml, Unit Price: 10,95 €, Comparison Price: 730,00 €/l
Product: Natuk Hydra Boost 30ml GLA-kasvoöljy, Unit Price: 19,25 €, Comparison Price: 641,67 €/l
Product: Shave Club Finland partashampoo metsuri 200ml, Unit Price: 16,95 €, Comparison Price: 84,75 €/l
Product: Taika Vahvistava kasvoöljy COSMOS 30ml, Unit Price: 19,85 €, Comparison Price: 661,67 €/l
Product: Shave Club Finland parranhoitoaine metsuri 200ml x 6 x 240, Unit Price: 16,95 €, Comparison Price: 84,75 €/l
Product: Lumene LUMO Pre-retinoli kasvoöljy 30 ml, Unit Price: 29,95 €, Comparison Price: 998,33 €/l
Product: Barilla Collezione Cannelloni durumvehnästä valmistettu pasta 250g, Unit Price: 2,95 €, Comparison Price: 11,80 €/kg
Product: Mutti Polpa hieno tomaattimurska 400g, Unit Price: 1,05 €, Comparison Price: 2,63 €/kg
Product: Coop tomaattimurska 400 g, Unit Price: 0,79 €, Comparison Price: 1,98 €/kg
Product: Xtra tomaattimurska 400 g, Unit Price: 0,35 €, Comparison Price: 0,87 €/kg
Product: Coop tomaattimurska yrteillä 390 g, Unit Price: 0,99 €, Comparison Price: 2,54 €/kg
Product: Mutti aromaattinen pizzakastike 400g, Unit Price: 1,69 €, Comparison Price: 4,22 €/kg
Product: Rainbow tomaattimurska oregano ja basilika luomu 390 g, Unit Price: 0,83 €, Comparison Price: 2,13 €/kg
Product: Coop tomaattimurska valkosipuli 400 g, Unit Price: 0,99 €, Comparison Price: 2,47 €/kg
Product: Coop tomaattimurska chili 400 g, Unit Price: 0,99 €, Comparison Price: 2,47 €/kg
Product: Mutti Polpa hieno tomaattimurska 2x210g, Unit Price: 1,39 €, Comparison Price: 3,31 €/kg
Product: Mutti Polpa basilika hieno tomaattimurska 400g, Unit Price: 1,49 €, Comparison Price: 3,72 €/kg
Product: Rainbow tomaattimurska luomu 390 g, Unit Price: 1,49 €, Comparison Price: 3,82 €/kg
Product: Mutti luomu tomaattimurska 400g, Unit Price: 1,65 €, Comparison Price: 4,12 €/kg
Product: Mutti Polpa valkosipuli hieno tomaattimurska 400g, Unit Price: 1,49 €, Comparison Price: 3,72 €/kg
Product: 260g Hungry Chef Pizzakastike kirsikkatomaateista, Unit Price: 3,05 €, Comparison Price: 11,73 €/kg
Product: Xtra pizzakastike 340 g, Unit Price: 1,29 €, Comparison Price: 3,79 €/kg
Product: Xtra tomaattimurska oregano ja basilika 400 g, Unit Price: 0,95 €, Comparison Price: 2,37 €/kg
Product: 260g Hungry Chef Tulinen Diavola pizzakastike kirsikkatomaateista, Unit Price: 3,05 €, Comparison Price: 11,73 €/kg
Product: Agromonte 330ml kirsikkatomaattikastike, Unit Price: 2,85 €, Comparison Price: 8,64 €/kg
Product: Delizie di Calabria pizzakastike 220g, Unit Price: 3,29 €, Comparison Price: 14,95 €/kg
Product: Xtra tomaattimurska luomu 400 g, Unit Price: 0,34 €, Comparison Price: 0,85 €/kg
Product: Mutti klassinen pizzakastike 400g, Unit Price: 1,39 €, Comparison Price: 3,47 €/kg
Product: NIVEA 15ml Q10 Power Anti-Wrinkle Firming Eye Cream -silmänympärysvoide, Unit Price: 12,95 €, Comparison Price: 863,33 €/l
Product: Moomin Hyrskyn Myrskyn sammutuspeitteen suojapussi, Unit Price: 13,90 €, Comparison Price: 
Product: Labello 4,8g Strawberry Shine -huulivoide, Unit Price: 1,10 €, Comparison Price: 220,00 €/kg
Product: Labello 4,8g Hydro Care SK15 -huulivoide, Unit Price: 3,09 €, Comparison Price: 618,00 €/kg
Product: Myllyn Paras Simpukkapasta 500 g, Unit Price: 1,09 €, Comparison Price: 2,18 €/kg
Product: Labello 2x4,8g Original -huulivoide, Unit Price: 3,49 €, Comparison Price: 349,00 €/kg
Product: Pasta Montegrappa Tortellini kinkkutäytteellä 250g, Unit Price: 1,39 €, Comparison Price: 5,56 €/kg
Product: Bonne Maman 370g Appelsiinimarmeladi, Unit Price: 3,69 €, Comparison Price: 9,97 €/kg
Product: Nuts about Nature 100% Maapähkinävoi Smooth 340g, Unit Price: 2,89 €, Comparison Price: 8,50 €/kg
Product: Nuts about Nature 100% Maapähkinävoi Crunchy 340g, Unit Price: 2,89 €, Comparison Price: 8,50 €/kg
Product: Änglamark maapähkinävoi smooth luomu 350 g, Unit Price: 2,99 €, Comparison Price: 8,54 €/kg
Product: Amona maapähkinävoi smooth 350g, Unit Price: 3,85 €, Comparison Price: 11,00 €/kg
Product: Nuts about Nature Maapähkinävoi Smooth 340g, Unit Price: 2,79 €, Comparison Price: 8,21 €/kg
Product: Nuts about Nature Maapähkinävoi Crunchy 340g, Unit Price: 2,79 €, Comparison Price: 8,21 €/kg
Product: Amona maapähkinävoi smooth 600g, Unit Price: 6,19 €, Comparison Price: 10,32 €/kg
Product: Änglamark maapähkinävoi crunchy luomu 350 g, Unit Price: 2,99 €, Comparison Price: 8,54 €/kg
Product: Urtekram Luomu Rapea maapähkinävoi 230g, Unit Price: 3,59 €, Comparison Price: 15,61 €/kg
Product: Urtekram Luomu Pehmeä Maapähkinävoi 230g, Unit Price: 3,59 €, Comparison Price: 15,61 €/kg
Product: Amona maapähkinävoi crunchy 350g, Unit Price: 3,85 €, Comparison Price: 11,00 €/kg
Product: Urtekram Luomu Mantelivoi 150g, Unit Price: 6,79 €, Comparison Price: 45,27 €/kg
Product: Skippy Creamy Maapähkinävoi 340g, Unit Price: 4,50 €, Comparison Price: 13,24 €/kg
Product: URTEKRAM Luomu Cashewpähkinävoi 150g, Unit Price: 6,79 €, Comparison Price: 45,27 €/kg
Product: Amona maapähkinävoi american style 350g, Unit Price: 3,59 €, Comparison Price: 10,26 €/kg
Product: Soignon Ste Maure Vuohenmaitojuusto 400g, Unit Price: 7,99 €, Comparison Price: 19,97 €/kg
Product: Rainbow smoothie päärynä, banaani & mansikka luomu 360 g 4-pack 6 kk, Unit Price: 2,29 €, Comparison Price: 6,36 €/kg
Product: Rainbow smoothie omena, banaani & mango luomu 360 g 4-pack 6 kk, Unit Price: 2,29 €, Comparison Price: 6,36 €/kg
Product: Rainbow smoothie kaura, omena, persikka & päärynä luomu 120 g 6 kk, Unit Price: 0,89 €, Comparison Price: 7,42 €/kg
Product: Rainbow smoothie mango, banaani & päärynä luomu 110 g 6 kk, Unit Price: 0,89 €, Comparison Price: 8,09 €/kg
Product: Rainbow smoothie omena, banaani & mustikka luomu 110 g 6 kk, Unit Price: 0,89 €, Comparison Price: 8,09 €/kg
Product: Semper Fruktmums Vadelma 6kk hedelmäsose 110g, Unit Price: 1,10 €, Comparison Price: 10,00 €/kg
Product: Semper Fruktmums Päärynä 6kk hedelmäsose 110g, Unit Price: 1,10 €, Comparison Price: 10,00 €/kg
Product: Semper Fruktmums Mansikka 6kk hedelmäsose 110g, Unit Price: 1,10 €, Comparison Price: 10,00 €/kg
Product: Semper Fruktmums Mango 6kk hedelmäsose 110g, Unit Price: 1,10 €, Comparison Price: 10,00 €/kg
Product: Rainbow smoothie päärynä, banaani & mansikka luomu 90 g 6 kk, Unit Price: 0,75 €, Comparison Price: 8,33 €/kg
Product: Rainbow smoothie kaurainen banaani, omena, karhunvatukka & vadelma luomu 120 g 6 kk, Unit Price: 0,89 €, Comparison Price: 7,42 €/kg
Product: Rainbow kaurainen smoothie omena, päärynä & mustikka luomu 120 g 6 kk, Unit Price: 0,89 €, Comparison Price: 7,42 €/kg
Product: Green Planet Astronauts Luomu Kaurasmoothie vadelma-mustikka-omena 100g 5kk+, Unit Price: 1,39 €, Comparison Price: 13,90 €/kg
Product: Rainbow smoothie päärynä, kiivi & banaani luomu 4x90 g 6 kk, Unit Price: 2,29 €, Comparison Price: 6,36 €/kg
Product: Green Planet Astronauts LUOMU kaurasmoothie omena-mango 100g 5kk+, Unit Price: 1,39 €, Comparison Price: 13,90 €/kg
Product: Green Planet Astronauts LUOMU kaurasmoothie kiivi-päärynä 100g 5kk+, Unit Price: 1,39 €, Comparison Price: 13,90 €/kg
Product: Rainbow smoothie päärynä & luumu luomu 110 g 6 kk, Unit Price: 0,89 €, Comparison Price: 8,09 €/kg
Product: Rainbow smoothie päärynä, kiivi & banaani luomu 90 g 6 kk, Unit Price: 0,75 €, Comparison Price: 8,33 €/kg
Product: Green Planet Astronauts LUOMU kaurasmoothie mango-bataatti 100g 5kk+, Unit Price: 1,39 €, Comparison Price: 13,90 €/kg
Product: Rainbow smoothie omena, vadelma & banaani luomu 90 g 6 kk, Unit Price: 0,75 €, Comparison Price: 8,33 €/kg
Product: Rainbow smoothie omena, banaani & mango luomu 90 g 6 kk, Unit Price: 0,75 €, Comparison Price: 8,33 €/kg
Product: Green Planet Astronauts LUOMU kaurasmoothie kesäkurpitsa-päärynä 100g 5kk+, Unit Price: 1,39 €, Comparison Price: 13,90 €/kg
Product: Semper Fruktmums Persikka 6kk hedelmäsose 110g, Unit Price: 1,10 €, Comparison Price: 10,00 €/kg
Product: Piltti Pohjoisen maut 125g Kuningatar marjasose 5kk, Unit Price: 0,99 €, Comparison Price: 7,92 €/kg
Product: Président l ’Ovale Extra Creamy Brie 200g, Unit Price: 3,89 €, Comparison Price: 19,45 €/kg
Product: Filos 370g kreikkalainen appelsiinimarmeladi, Unit Price: 2,75 €, Comparison Price: 7,43 €/kg
Product: Bonne  Omenasose 0,5L, Unit Price: 2,79 €, Comparison Price: 5,58 €/l
Product: Mutti tuplakonsentroitu tomaattipyree 130g, Unit Price: 1,05 €, Comparison Price: 8,08 €/kg
Product: Coop tomaattipyree 200 g, Unit Price: 1,19 €, Comparison Price: 5,95 €/kg
Product: Mutti tuplakonsentroitu tomaattipyree 140g, Unit Price: 0,95 €, Comparison Price: 6,79 €/kg
Product: Rainbow paseerattu tomaatti luomu 500g, Unit Price: 0,89 €, Comparison Price: 1,78 €/kg
Product: Coop tomaattipyree 70 g, Unit Price: 0,59 €, Comparison Price: 8,43 €/kg
Product: Coop paseerattu tomaatti 200g, Unit Price: 0,45 €, Comparison Price: 2,25 €/kg
Product: Coop paseerattu tomaatti 500 g, Unit Price: 0,73 €, Comparison Price: 1,46 €/kg
Product: Mutti Passata paseerattu tomaatti 500g, Unit Price: 1,79 €, Comparison Price: 3,58 €/kg
Product: Mutti triplakonsentroitu tomaattipyree 185g, Unit Price: 1,75 €, Comparison Price: 9,46 €/kg
Product: Coop paseerattu tomaatti chili 500g, Unit Price: 1,19 €, Comparison Price: 2,38 €/kg
Product: Mutti tuplakonsentroitu tomaattipyree vihanneksilla 130 g, Unit Price: 1,39 €, Comparison Price: 10,69 €/kg
Product: Felix tomaattipyree 300g, Unit Price: 3,05 €, Comparison Price: 10,17 €/kg
Product: Felix luomu tomaattipyree 290g, Unit Price: 3,05 €, Comparison Price: 10,52 €/kg
Product: Glade One Touch & Fresh 10ml Peony&Cherry ilmanraikastin täyttöpakkaus, Unit Price: 1,99 €, Comparison Price: 199,00 €/l
Product: Coop ananas pieninä paloina täysmehussa 227/140 g, Unit Price: 0,89 €, Comparison Price: 6,36 €/kg
Product: Rainbow ananaspalat mehussa 227/140g, Unit Price: 0,95 €, Comparison Price: 6,79 €/kg
Product: Del Monte 230g Ananaspaloja mehussa, Unit Price: 1,25 €, Comparison Price: 8,93 €/kg
Product: Del Monte 220g Ananasviipale mehussa, Unit Price: 1,25 €, Comparison Price: 8,93 €/kg
Product: Rainbow ananasviipaleet ananasmehussa 227g/140g, Unit Price: 0,89 €, Comparison Price: 6,50 €/kg
Product: 227/139g Dole Tropical Gold Ananaspaloja mehussa, Unit Price: 1,39 €, Comparison Price: 10,00 €/kg
Product: 227/139g Dole Tropical Gold Ananas pikkupaloja ananasmehussa, Unit Price: 1,39 €, Comparison Price: 10,00 €/kg
Product: 3x227/139g Dole Tropical Gold Pizzaan ja tacoihin sopivia pieniä ananaspaloja omassa mehussa 3-pack, Unit Price: 3,95 €, Comparison Price: 9,47 €/kg
Product: Del Monte 230g Ananasmurska mehussa, Unit Price: 1,19 €, Comparison Price: 8,21 €/kg
Product: 3x227/139g Dole Tropical Gold Ananaspaloja mehussa 3-pack, Unit Price: 3,99 €, Comparison Price: 10,47 €/kg
Product: Dole Tropical Gold Trooppisia hedelmiä mehussa 3-pack 3x227/139g, Unit Price: 3,69 €, Comparison Price: 5,42 €/kg
Product: 227/139g Dole Tropical Gold Ananasviipaleita mehussa, Unit Price: 1,45 €, Comparison Price: 10,43 €/kg
Product: Coop ananasmurska täysmehussa 227/140 g, Unit Price: 0,58 €, Comparison Price: 4,14 €/kg
Product: 3x227/139g Dole Tropical Gold Ananasviipaleita mehussa 3-pack, Unit Price: 3,89 €, Comparison Price: 9,33 €/kg
Product: Xtra ananasviipaleet mehussa 567/340g, Unit Price: 1,25 €, Comparison Price: 3,68 €/kg
Product: Del Monte 415g Persikkaviipale mehussa, Unit Price: 2,39 €, Comparison Price: 9,56 €/kg
Product: Coop hedelmäcocktail sokeriliemessä 825/500 g, Unit Price: 0,99 €, Comparison Price: 1,98 €/kg
Product: Xtra persikanpuolikkaita sokeriliemessä 820/470g, Unit Price: 1,59 €, Comparison Price: 3,38 €/kg
Product: Rainbow mangoviipaleet sokeriliemessä 425/225 g, Unit Price: 1,16 €, Comparison Price: 5,16 €/kg
Product: Coop persikat puolikkaina sokeriliemessä 410/240 g, Unit Price: 1,49 €, Comparison Price: 6,21 €/kg
Product: Coop persikat viipaleina sokeriliemessä 410/240 g, Unit Price: 1,70 €, Comparison Price: 7,08 €/kg
Product: Rainbow hedelmäcocktail mehussa 415/250 g, Unit Price: 1,95 €, Comparison Price: 7,80 €/kg
Product: Del Monte 560g Ananaspala mehussa, Unit Price: 2,75 €, Comparison Price: 7,86 €/kg
Product: Rainbow persikanpuolikkaita sokeriliemessä 820/470g, Unit Price: 2,75 €, Comparison Price: 5,85 €/kg
Product: Hommanäs Omena-kanelihyytelö 80 % 125 g, Unit Price: 2,48 €, Comparison Price: 19,84 €/kg
Product: A'PIEU Icing Sweet Bar kosteuttava kangasnaamio vesimeloni 1 kpl, Unit Price: 1,25 €, Comparison Price: 
Product: Rainbow iso öljykynttilä 5 kpl 110 h, Unit Price: 7,55 €, Comparison Price: 1,51 €/kpl
Product: Rainbow 300g mansikkamarmeladi, Unit Price: 1,99 €, Comparison Price: 6,63 €/l
Product: Montagne Jeunesse 7th Heaven Charcoal + Black Clay peel-off kasvonaamio 10ml, Unit Price: 1,89 €, Comparison Price: 189,00 €/l
Product: Airwick 2kpl Stick Up Citrus ilmanraikastin, Unit Price: 3,69 €, Comparison Price: 1,85 €/kpl
Product: Lumene KLASSIKKO Kosteuttava silmänympärysvoide 15ml, Unit Price: 5,65 €, Comparison Price: 376,67 €/l
Product: Lumene HERKKÄ Rauhoittava kangasnaamio 1 kpl, Unit Price: 4,05 €, Comparison Price: 
Product: Smuuti Skin Watermelon Lip Mask huulinaamio 15 ml, Unit Price: 7,95 €, Comparison Price: 530,00 €/l
Product: Fazer Vuoksen Riisipiirakka 15kpl 750g, raakapakaste, Unit Price: 3,99 €, Comparison Price: 5,32 €/kg
Product: Fazer Pihlaja 280 g hedelmävalmiste, Unit Price: 2,00 €, Comparison Price: 7,14 €/kg
Product: Xtra tortilla chips maissilastut 450 g, Unit Price: 1,65 €, Comparison Price: 3,67 €/kg
Product: Santa Maria 475g Nacho Chips -maissilastut, Unit Price: 2,99 €, Comparison Price: 6,29 €/kg
Product: Doritos Nacho Cheese maustettu maissilastu 170g, Unit Price: 2,59 €, Comparison Price: 15,24 €/kg
Product: Doritos makea chilipaprika nacho maissilastu 170g, Unit Price: 2,59 €, Comparison Price: 15,24 €/kg
Product: Santa Maria Nacho Chips maissilastut 185g, Unit Price: 1,69 €, Comparison Price: 9,14 €/kg
Product: Santa Maria Tortilla Chips Salted suolatut maissilastut 185 g, Unit Price: 1,69 €, Comparison Price: 9,14 €/kg
Product: Coop tortilla chips 150 g, Unit Price: 1,19 €, Comparison Price: 7,93 €/kg
Product: Indian Original nacho maissilastu 450g, Unit Price: 3,29 €, Comparison Price: 7,31 €/kg
Product: Santa Maria Tortilla Chips Salted suolatut maissilastut 475 g, Unit Price: 2,89 €, Comparison Price: 6,08 €/kg
Product: Rainbow 180g Vuohenvalkohomejuusto, Unit Price: 2,33 €, Comparison Price: 12,94 €/kg
Product: Coop nachos chips 150 g, Unit Price: 1,35 €, Comparison Price: 9,00 €/kg
Product: Xtra tortilla chips maissilastut juusto 450 g, Unit Price: 2,79 €, Comparison Price: 6,20 €/kg
Product: Doritos flaming hot nacho maustettu maissilastu 170g, Unit Price: 2,59 €, Comparison Price: 15,24 €/kg
Product: Coop tortilla chips juusto 150 g, Unit Price: 1,19 €, Comparison Price: 7,93 €/kg
Product: Doritos Pure Paprika maustettu maissilastu 170g, Unit Price: 2,59 €, Comparison Price: 15,24 €/kg
Product: Santa Maria Tortilla Chips Cheese & Jalapeño Tortillasipsit, juusto & jalapeno 185g, Unit Price: 1,59 €, Comparison Price: 8,59 €/kg
Product: Indian Original nacho maissilastu 200g, Unit Price: 2,39 €, Comparison Price: 11,95 €/kg
Product: Doritos Cool American nacho maissilastu 170g, Unit Price: 2,59 €, Comparison Price: 15,24 €/kg
Product: Santa Maria Tortilla Chips Cheese juuston makuiset maissitortillalastut 185 g, Unit Price: 1,59 €, Comparison Price: 8,59 €/kg
Product: Santa Maria 475G Mini Nacho Chips, Unit Price: 3,49 €, Comparison Price: 7,35 €/kg
Product: Salted Yellow Corn Chips - Tortillalastut, vamistettu 100% keltaisesta maissista., Unit Price: 2,29 €, Comparison Price: 12,38 €/kg
Product: Santa Maria 185G Tortilla Chips Pico de Gallo, Unit Price: 2,05 €, Comparison Price: 11,08 €/kg
Product: Änglamark maissilastu luomu 125 g, Unit Price: 1,69 €, Comparison Price: 13,52 €/kg
Product: Poco Loco Suolattu Nacho Chips 750g, Unit Price: 5,29 €, Comparison Price: 7,05 €/kg
Product: Doritos lightly salted maustettu nacho maissilastu 170g, Unit Price: 2,59 €, Comparison Price: 15,24 €/kg
Product: Lambi WC-paperi 16rl valkoinen, Unit Price: 8,95 €, Comparison Price: 0,56 €/kpl
Product: Tarmo Ensiapupakkaus 46-osainen, Unit Price: 19,90 €, Comparison Price: 
Product: Coop mantelit 200 g, Unit Price: 0,99 €, Comparison Price: 4,95 €/kg
Product: Housegard ensiapulaukku Family Large, Unit Price: 77,90 €, Comparison Price: 
Product: Erisan Hajusteeton Kuivashampoo 250 ml, Unit Price: 5,89 €, Comparison Price: 23,56 €/l
Product: Eyenlip 25 ml kangasnaamio Collagen, Unit Price: 0,49 €, Comparison Price: 
Product: Havi kakkukynttilä 95mm 10kpl 1/4 h, Unit Price: 3,60 €, Comparison Price: 0,36 €/kpl
Product: Vaseline 20g Lip Therapy Original, Unit Price: 1,45 €, Comparison Price: 72,50 €/kg
Product: Rainbow 300g omenamarmeladi, Unit Price: 0,49 €, Comparison Price: 1,63 €/kg
Product: VADELMA - Lohkeava luonnonjogurtti 150g, Unit Price: 0,89 €, Comparison Price: 5,93 €/kg
Product: Taffel Sips suolattu sipsi 75g, Unit Price: 1,19 €, Comparison Price: 15,87 €/kg
Product: Bergader Bavaria blu CLASSIC blue 150g valkosinihomejuusto, Unit Price: 1,99 €, Comparison Price: 13,27 €/kg
Product: Taffel Broadway sourcream & onion maustettu sipsi 325g, Unit Price: 2,89 €, Comparison Price: 8,89 €/kg
Product: Taffel Chips classic suolattu sipsi 305g, Unit Price: 3,09 €, Comparison Price: 10,13 €/kg
Product: Taffel Sips suolattu sipsi 325g, Unit Price: 2,89 €, Comparison Price: 8,89 €/kg
Product: Estrella Sriracha Mayo sipsi 275g, Unit Price: 2,99 €, Comparison Price: 10,87 €/kg
Product: PRINGLES Sour Cream & Onion 185g, Unit Price: 2,69 €, Comparison Price: 14,54 €/kg
Product: Estrella Herkku Original Perunalastut 275g, Unit Price: 2,99 €, Comparison Price: 10,87 €/kg
Product: Estrella Manhattan Sourcream & Onion Sipsi 275g, Unit Price: 2,99 €, Comparison Price: 10,87 €/kg
Product: Estrella Maalaissipsi Merisuola 180g, Unit Price: 2,99 €, Comparison Price: 16,61 €/kg
Product: Taffel Grills grillimaustettu sipsi 325g, Unit Price: 2,89 €, Comparison Price: 8,89 €/kg
Product: Estrella Salt & Vinegar Sipsi 275g, Unit Price: 2,99 €, Comparison Price: 10,87 €/kg
Product: PRINGLES Original 185g, Unit Price: 2,59 €, Comparison Price: 14,00 €/kg
Product: PRINGLES Paprika 185g, Unit Price: 2,69 €, Comparison Price: 14,54 €/kg
Product: Estrella Ruskistettu voi & Chili sipsi 275g, Unit Price: 2,99 €, Comparison Price: 10,87 €/kg
Product: Xtra suolatut perunalastut 250 g, Unit Price: 1,69 €, Comparison Price: 6,76 €/kg
Product: Taffel Broadway sourcream & onion maustettu sipsi 75g, Unit Price: 1,19 €, Comparison Price: 15,87 €/kg
Product: Taffel Salt & Vinegar maustettu sipsi 145g, Unit Price: 1,89 €, Comparison Price: 13,03 €/kg
Product: Xtra sour cream & onion perunalastut 250 g, Unit Price: 1,69 €, Comparison Price: 6,76 €/kg
Product: Estrella Sourcream & Ranch Sipsi 275g, Unit Price: 2,99 €, Comparison Price: 10,87 €/kg
Product: Estrella Karamellisoitu Punasipuli Sipsi 275g, Unit Price: 2,99 €, Comparison Price: 10,87 €/kg
Product: Taffel Broadway sourcream & onion maustettu sipsi 150g, Unit Price: 1,89 €, Comparison Price: 12,60 €/kg
Product: Taffel Sips suolattu sipsi 145g, Unit Price: 1,89 €, Comparison Price: 13,03 €/kg
Product: Oikia Vuoriston Venla Perunalastu 350g, Unit Price: 2,79 €, Comparison Price: 7,97 €/kg
Product: Estrella Merisuolasipsi 275g, Unit Price: 2,99 €, Comparison Price: 10,87 €/kg
Product: Lay's suolattu perunalastu 175g, Unit Price: 2,39 €, Comparison Price: 13,66 €/kg
Product: Fazer Jyväshyvä Kaurakeksi 100% kauraa 350g, Unit Price: 3,09 €, Comparison Price: 8,83 €/kg
Product: Sammutuspeite 90cmx120cm, Unit Price: 7,95 €, Comparison Price: 
Product: Grite WC-paperi Orchidea White 8rll, Unit Price: 3,69 €, Comparison Price: 0,46 €/kpl
Product: Batiste Original Kuivashampoo 200ml, Unit Price: 3,99 €, Comparison Price: 19,95 €/l
Product: Castello 150 g Intense Blue sinihomejuusto, Unit Price: 1,79 €, Comparison Price: 11,93 €/kg
Product: Xtra chilipähkinät 500 g, Unit Price: 2,39 €, Comparison Price: 4,78 €/kg
Product: Robertson's 320g Lemon Curd sitruunatahna, Unit Price: 1,00 €, Comparison Price: 3,13 €/kg
Product: Blistex Medilip huulivoide 4,25g, Unit Price: 1,79 €, Comparison Price: 447,50 €/kg
Product: Batiste XXL Stylist Volume Spray muotoilusuihke 200ml, Unit Price: 3,99 €, Comparison Price: 19,95 €/l
Product: Piltti Pohjoisen maut 190g Perunamuusia ja poronkäristystä lastenateria 1-3v, Unit Price: 1,99 €, Comparison Price: 10,47 €/kg
Product: Piltti 250g Spagetti Bolognese lastenateria 1-3v, Unit Price: 1,49 €, Comparison Price: 5,96 €/kg
Product: Piltti Pohjoisen maut 250g Perunaa ja lohta kermaisessa kastikkeessa lastenateria 1-3v, Unit Price: 1,59 €, Comparison Price: 6,36 €/kg
Product: Piltti 250g Villinlännenpata lastenateria 1-3v, Unit Price: 1,49 €, Comparison Price: 5,96 €/kg
Product: Piltti 250g Merimiespata lastenateria 1-3v, Unit Price: 1,49 €, Comparison Price: 5,96 €/kg
Product: Piltti Pohjoisen maut 190g Couscousia ja lohta lastenateria 1-3v, Unit Price: 1,55 €, Comparison Price: 8,16 €/kg
Product: Piltti 190g Lasagnette lastenateria 1-3v, Unit Price: 1,39 €, Comparison Price: 7,32 €/kg
Product: Piltti Pohjoisen maut 190g Kasviksia ja karjalanpaistia lastenateria 1-3v, Unit Price: 1,59 €, Comparison Price: 8,37 €/kg
Product: Piltti 190g Couscousia ja naudanlihaa lastenateria 1-3v, Unit Price: 1,39 €, Comparison Price: 7,32 €/kg
Product: Piltti 250g Täysjyväpastaa ja naudanlihaa lastenateria 1-3v, Unit Price: 1,49 €, Comparison Price: 5,96 €/kg
Product: Piltti Pohjoisen maut 190g Peruna-lohikiusaus 1-3v, Unit Price: 1,55 €, Comparison Price: 8,16 €/kg
Product: Piltti 250g Makaronia ja lihapullia lastenateria 1-3v, Unit Price: 1,49 €, Comparison Price: 5,96 €/kg
Product: Piltti 190g Farmarin peruna-broilerpata lastenateria 1-3v, Unit Price: 1,39 €, Comparison Price: 7,32 €/kg
Product: Piltti Pohjoisen maut 250g Pastaa ja lohta lastenateria 1-3v, Unit Price: 1,59 €, Comparison Price: 6,36 €/kg
Product: Semper Stroganoffia naudanlihaa & riisiä 1v lastenateria 235g, Unit Price: 1,39 €, Comparison Price: 5,91 €/kg
Product: Piltti 190g Kasvis-jauheliharisotto lastenateria 1-3v, Unit Price: 1,39 €, Comparison Price: 7,32 €/kg
Product: Piltti 190g Kasviksia ja stroganoffia lastenateria 1-3v, Unit Price: 1,39 €, Comparison Price: 7,32 €/kg
Product: Piltti 250g Pennepastaa ja kanaa lastenateria 1-3v, Unit Price: 1,55 €, Comparison Price: 6,20 €/kg
Product: Semper Moussaka 1v lastenateria 235g, Unit Price: 1,55 €, Comparison Price: 6,60 €/kg
Product: Piltti Kasvis 190g Kikherne-porkkana-pasta lastenateria 1-3v Luomu, Unit Price: 1,35 €, Comparison Price: 7,11 €/kg
Product: Piltti Luomu 190g Couscous-kanapata lastenateria 1-3v, Unit Price: 1,55 €, Comparison Price: 8,16 €/kg
Product: Piltti Luomu 190g Spaghetti bolognese lastenateria 1-3v, Unit Price: 1,55 €, Comparison Price: 8,16 €/kg
Product: Semper Lasagne 1v lastenateria 235g, Unit Price: 1,55 €, Comparison Price: 6,60 €/kg
Product: Piltti 190g Perunasosejauhelihalaatikko lastenateria 1-3v, Unit Price: 1,35 €, Comparison Price: 7,11 €/kg
Product: mjuuk refresh dry shampoo kuivashampoo 250 ml, Unit Price: 6,49 €, Comparison Price: 25,96 €/l
Product: Valio lohkeava jogurtti 150 g raparperi laktoositon, Unit Price: 0,95 €, Comparison Price: 6,33 €/kg
Product: Joanna Multi color cream hiusväri 42 Ebony black permanent, Unit Price: 1,60 €, Comparison Price: 
Product: L'Oréal Paris Preference Le Blonding Ultra Platinum 9 asteen ultravoimakas vaalennus 1kpl, Unit Price: 12,99 €, Comparison Price: 
Product: Kakkukynttilät ja pidikkeet 10 kpl kulta/mustavalkoinen, Unit Price: 4,75 €, Comparison Price: 0,48 €/kpl
Product: Rainbow jätekassi 30l 25kpl musta, Unit Price: 1,95 €, Comparison Price: 0,08 €/kpl
Product: Rainbow jätekassi 20l 25kpl valkoinen, Unit Price: 1,39 €, Comparison Price: 0,06 €/kpl
Product: Rainbow jätekassi 30l värillinen 25kpl, Unit Price: 1,95 €, Comparison Price: 0,08 €/kpl
Product: Rainbow biojätekassi 20l 10kpl, Unit Price: 1,39 €, Comparison Price: 0,14 €/kpl
Product: Sanka-Bioska 20L biojätekassi, Unit Price: 4,69 €, Comparison Price: 0,16 €/kpl
Product: HP Rani Plast 40 L sangallinen jätekassi, Unit Price: 2,05 €, Comparison Price: 0,10 €/kpl
Product: Rainbow biojätepussi paperinen 20kpl, Unit Price: 3,09 €, Comparison Price: 0,15 €/kpl
Product: Rainbow biojätekassi 10l 10kpl, Unit Price: 1,29 €, Comparison Price: 0,13 €/kpl
Product: Rainbow jätesäkki musta 150l 10kpl, Unit Price: 1,35 €, Comparison Price: 0,14 €/kpl
Product: PikPak kiertotalous roskapussi 40L, Unit Price: 2,49 €, Comparison Price: 0,15 €/kpl
Product: Xtra jätekassi 20 l 25 kpl, Unit Price: 0,99 €, Comparison Price: 0,04 €/kpl
Product: Rainbow jätesäkki musta 200l 10kpl, Unit Price: 3,79 €, Comparison Price: 0,38 €/kpl
Product: McLean Kantokahvasäkki 150L, 760x1250, 8kpl/rll, Unit Price: 3,35 €, Comparison Price: 0,42 €/kpl
Product: McLean-Home Vahva jätesäkki, sininen LDPE, 250L, 5kpl/rll, Unit Price: 2,29 €, Comparison Price: 0,46 €/kpl
Product: Rainbow jätesäkki musta 75l 15kpl, Unit Price: 2,95 €, Comparison Price: 0,20 €/kpl
Product: PikPak kiertotalous sankakassi 25L, Unit Price: 1,99 €, Comparison Price: 0,12 €/kpl
Product: HP Rani Plast 40 L jätepussi sulkijanauhalla, Unit Price: 2,09 €, Comparison Price: 0,14 €/kpl
Product: Xtra roskapussit sulkijanauhalla 20 l, Unit Price: 0,95 €, Comparison Price: 0,05 €/kpl
Product: McLean-Home Vahva jätesäkki, sininen LDPE, 200L, 5kpl/rll, Unit Price: 1,85 €, Comparison Price: 0,37 €/kpl
Product: Coop roskapussit kierrätysmuovi 30l 20kpl, Unit Price: 1,99 €, Comparison Price: 0,10 €/kpl
Product: McLean Professional extra vahva jätesäkki vihreä 350L, 1200x1500mm, 5 kpl, Unit Price: 4,95 €, Comparison Price: 0,99 €/kpl
Product: York roskapussi sulkijalla 15x35l, Unit Price: 1,59 €, Comparison Price: 0,11 €/kpl
Product: Bioska 10L biojätepussi, Unit Price: 2,29 €, Comparison Price: 0,15 €/kpl
Product: Sulkijanauha roskapussi 30L, mansikkatuoksulla. 15 kpl/rll, sininen 55x50cm, Unit Price: 1,49 €, Comparison Price: 
Product: Kotimaista talouspaperi 4rl valkoinen, Unit Price: 2,59 €, Comparison Price: 0,65 €/kpl
Product: Coop talouspaperi puoliarkki Dry & Strong 4 rl, Unit Price: 2,25 €, Comparison Price: 0,56 €/kpl
Product: Serla talouspaperi puoliarkki 4rl valkoinen, Unit Price: 3,19 €, Comparison Price: 0,80 €/kpl
Product: Xtra talouspaperi 4 rll, Unit Price: 1,95 €, Comparison Price: 0,49 €/kpl
Product: LOTUS Emilia talouspaperi valkoinen 4 rll säkki, Unit Price: 2,95 €, Comparison Price: 0,74 €/kpl
Product: LOTUS Emilia talouspaperi valkoinen 16 rll, Unit Price: 10,95 €, Comparison Price: 0,68 €/kpl
Product: LOTUS Emilia valkoinen 1/2 arkki talouspaperi 4 rll, Unit Price: 2,89 €, Comparison Price: 0,72 €/kpl
Product: Kotimaista talouspaperi 16rl valkoinen, Unit Price: 9,95 €, Comparison Price: 0,62 €/kpl
Product: Coop paperikäsipyyhe 150 kpl, Unit Price: 1,39 €, Comparison Price: 0,01 €/kpl
Product: Serla talouspaperi 4rl valkoinen, Unit Price: 3,19 €, Comparison Price: 0,80 €/kpl
Product: Serla Handy talouspaperiarkki 135kpl, Unit Price: 2,65 €, Comparison Price: 0,02 €/kpl
Product: Grite talouspaperi Orchidea 1rll, Unit Price: 2,19 €, Comparison Price: 
Product: Coop talouspaperi Dry & Strong 8 rl, Unit Price: 3,95 €, Comparison Price: 0,49 €/kpl
Product: LOTUS Emilia Design talouspaperi 4 rll, Unit Price: 3,39 €, Comparison Price: 0,85 €/kpl
Product: LOTUS Emilia talouspaperi valkoinen 8 rll, Unit Price: 5,79 €, Comparison Price: 0,72 €/kpl
Product: LOTUS Emilia Talouspaperiarkki 120 kpl, Unit Price: 2,39 €, Comparison Price: 0,02 €/kpl
Product: Grite paperipyyhe Blossom 120kpl, Unit Price: 1,29 €, Comparison Price: 0,01 €/kpl
Product: Serla talouspaperi 8rl valkoinen, Unit Price: 5,79 €, Comparison Price: 0,72 €/kpl
Product: Serla talouspaperi 16rl valkoinen, Unit Price: 10,79 €, Comparison Price: 0,67 €/kpl
Product: VELTIE 1RL TP TURBO 3KRS 330SC, Unit Price: 4,49 €, Comparison Price: 
Product: Grite talouspaperi Orchidea Gold 4rll, Unit Price: 2,99 €, Comparison Price: 0,75 €/kpl
Product: Lambi talouspaperi 4rl valkoinen, Unit Price: 3,69 €, Comparison Price: 0,92 €/kpl
Product: Lambi Home Towel talouspaperiarkki 120kpl, Unit Price: 2,85 €, Comparison Price: 0,02 €/kpl
Product: Veltie Classic talouspaperi 4 rullaa, Unit Price: 2,65 €, Comparison Price: 0,66 €/kpl
Product: Mutti tuplakonsentroitu tomaattipyree 130g, Unit Price: 1,05 €, Comparison Price: 8,08 €/kg
Product: Coop tomaattipyree 200 g, Unit Price: 1,19 €, Comparison Price: 5,95 €/kg
Product: Mutti tuplakonsentroitu tomaattipyree 140g, Unit Price: 0,95 €, Comparison Price: 6,79 €/kg
Product: Rainbow paseerattu tomaatti luomu 500g, Unit Price: 0,89 €, Comparison Price: 1,78 €/kg
Product: Coop tomaattipyree 70 g, Unit Price: 0,59 €, Comparison Price: 8,43 €/kg
Product: Coop paseerattu tomaatti 200g, Unit Price: 0,45 €, Comparison Price: 2,25 €/kg
Product: Mutti Passata paseerattu tomaatti 500g, Unit Price: 1,79 €, Comparison Price: 3,58 €/kg
Product: Coop paseerattu tomaatti 500 g, Unit Price: 0,73 €, Comparison Price: 1,46 €/kg
Product: Mutti triplakonsentroitu tomaattipyree 185g, Unit Price: 1,75 €, Comparison Price: 9,46 €/kg
Product: Mutti tuplakonsentroitu tomaattipyree vihanneksilla 130 g, Unit Price: 1,39 €, Comparison Price: 10,69 €/kg
Product: Coop paseerattu tomaatti chili 500g, Unit Price: 1,19 €, Comparison Price: 2,38 €/kg
Product: Felix tomaattipyree 300g, Unit Price: 3,05 €, Comparison Price: 10,17 €/kg
Product: Felix luomu tomaattipyree 290g, Unit Price: 3,05 €, Comparison Price: 10,52 €/kg
Product: Tikkurila terassiöljylasta 24 cm, Unit Price: 10,50 €, Comparison Price: 
Product: Kaoriya Mochi Peanut 210g, Unit Price: 3,89 €, Comparison Price: 18,52 €/kg
Product: Rainbow 150g 2% kreikkalainen jogurtti laktoositon, Unit Price: 1,29 €, Comparison Price: 8,60 €/kg
Product: Kotimaista 400 g piirakkataikina pakaste laktoositon, maidoton, Unit Price: 2,09 €, Comparison Price: 5,23 €/kg
Product: Linnunlaulu - Perinteinen valkohomejuusto 160g, Unit Price: 4,58 €, Comparison Price: 28,63 €/kg
Product: Saarioinen Omenamarmeladi 230g, Unit Price: 0,85 €, Comparison Price: 3,70 €/kg
Product: Marimekko 33cm Unikko vaaleanpunainen 20kpl lautasliina, Unit Price: 2,09 €, Comparison Price: 0,10 €/kpl
Product: L'Oréal Paris Elvital Hyaluron Plump hoitoaine kosteutta kaipaaville hiuksille 300ml, Unit Price: 3,99 €, Comparison Price: 13,30 €/l
Product: L'Oréal Paris Elvital Hyaluron Plump hoitoaine kosteutta kaipaaville hiuksille 200ml, Unit Price: 3,15 €, Comparison Price: 15,75 €/l
Product: L'Oréal Paris Elvital Anti-Breakage hoitoaine kuiville ja katkeileville hiuksille 200ml, Unit Price: 3,15 €, Comparison Price: 15,75 €/l
Product: XZ 200ml Kauraöljy hoitoaine, Unit Price: 2,89 €, Comparison Price: 14,45 €/l
Product: XZ Muumi 150ml Selvityssuihke, Unit Price: 4,39 €, Comparison Price: 29,27 €/l
Product: Erittäin Hieno Suomalainen Mustikkahoitoaine 300ml, Unit Price: 1,79 €, Comparison Price: 5,97 €/l
Product: L'Oréal Paris Elvital Dream Length HairDetangler hoitoaine pitkille, vaurioituneille hiuksille 200ml, Unit Price: 3,15 €, Comparison Price: 15,75 €/l
Product: XZ 200ml Mustikka hoitoaine, Unit Price: 2,89 €, Comparison Price: 14,45 €/l
Product: L'Oréal Paris Elvital Color-Vive Hoitoaine värjätyille ja raidoitetuille hiuksille 300ml, Unit Price: 3,99 €, Comparison Price: 13,30 €/l
Product: Erittäin Hieno Suomalainen Hiushoito 300ml, Unit Price: 1,79 €, Comparison Price: 5,97 €/l
Product: Garnier Fructis Strength & Shine hoitoaine normaaleille hiuksille 200ml, Unit Price: 2,89 €, Comparison Price: 14,45 €/l
Product: Aussie Deep Hydration 200ml hoitoaine, Unit Price: 5,79 €, Comparison Price: 28,95 €/l
Product: XZ 200ml Aito Omena Hoitoaine hiuksille, Unit Price: 2,89 €, Comparison Price: 14,45 €/l
Product: L'Oréal Paris Elvital Color-Vive Hoitoaine värjätyille ja raidoitetuille hiuksille 200ml, Unit Price: 3,15 €, Comparison Price: 15,75 €/l
Product: Aussie hoitoaine Miracle Moist Conditioner 200ml, Unit Price: 5,79 €, Comparison Price: 28,95 €/l
Product: Aussie 90ml Miracle Moist hoitoaine, Unit Price: 2,69 €, Comparison Price: 29,89 €/l
Product: XZ 200ml Niittyvilla kosteuttava hoitoaine, Unit Price: 2,89 €, Comparison Price: 14,45 €/l
Product: Define Moroccan Argan Oil conditioner arganöljyä sisältävä hoitoaine kuiville/normaaleille hiuksille 200ml, Unit Price: 3,49 €, Comparison Price: 17,45 €/l
Product: Schwarzkopf Gliss Total Repair hoitosuihke 200ml, Unit Price: 2,99 €, Comparison Price: 14,95 €/l
Product: L'Oréal Paris Elvital Hyaluron Pure hoitoaine kosteutta kaipaaville hiuksille 200ml, Unit Price: 3,15 €, Comparison Price: 15,75 €/l
Product: LV 200ml hiusten hoitoaine, Unit Price: 3,19 €, Comparison Price: 15,95 €/l
Product: Erittäin Hieno Suomalainen Hellä hoitoaine 300ml, Unit Price: 1,79 €, Comparison Price: 5,97 €/l
Product: XZ 200ml Aito hoitoaine normaaleille hiuksille, Unit Price: 2,89 €, Comparison Price: 14,45 €/l
Product: TRESemmé  Rich Moisture Hoitoaine  Ammattimaista laatua   400 ML, Unit Price: 3,99 €, Comparison Price: 9,98 €/l
Product: GoGreen Luomu Kikherneet 380g, Unit Price: 1,59 €, Comparison Price: 6,91 €/kg
Product: Rainbow kapris 57/35g, Unit Price: 0,89 €, Comparison Price: 25,43 €/kg
Product: Xtra kikherneet 400/240 g, Unit Price: 0,57 €, Comparison Price: 2,38 €/kg
Product: GoGreen Punaiset linssit 400 g, Unit Price: 1,99 €, Comparison Price: 4,97 €/kg
Product: Bonduelle maissi säilyke 300g/285g, Unit Price: 2,39 €, Comparison Price: 8,39 €/kg
Product: Fragata kapris 99/65g, Unit Price: 1,35 €, Comparison Price: 20,77 €/kg
Product: Coop maissia suolaliemessä 340/ 285 g, Unit Price: 1,05 €, Comparison Price: 3,68 €/kg
Product: Bonduelle Maissi 150/140g, Unit Price: 1,45 €, Comparison Price: 10,36 €/kg
Product: Coop maissia suolaliemessä 165/140 g, Unit Price: 0,85 €, Comparison Price: 6,07 €/kg
Product: Bonduelle Maissi 2x75/70g, Unit Price: 1,85 €, Comparison Price: 13,21 €/kg
Product: Bonduelle Kikherneitä höyrytetty&rapea 310g/265g, Unit Price: 1,95 €, Comparison Price: 7,36 €/kg
Product: Bonduelle Kikherne 150g, Unit Price: 1,59 €, Comparison Price: 12,23 €/kg
Product: Bonduelle 2x80/65g kikherneet, Unit Price: 1,75 €, Comparison Price: 13,46 €/kg
Product: Carrefour Bio luomukikherneet 265 g, Unit Price: 2,79 €, Comparison Price: 10,53 €/kg
Product: Valkoliekki 175g valkosipulimurska, Unit Price: 3,39 €, Comparison Price: 19,37 €/kg
Product: VegOnTable 240/140g Kapris, Unit Price: 2,29 €, Comparison Price: 16,36 €/kg
Product: GoGreen Vihreät linssit 400 g, Unit Price: 1,99 €, Comparison Price: 4,97 €/kg
Product: Coop Asia minimaissit 410/200 g, Unit Price: 1,35 €, Comparison Price: 3,29 €/kg
Product: Royal 360/175g viipaloitu vihreä jalapeno, Unit Price: 2,05 €, Comparison Price: 11,71 €/kg
Product: Coop vihreät herneet 400/280 g, Unit Price: 0,69 €, Comparison Price: 2,46 €/kg
Product: URTEKRAM luomu Punainen linssi 400g, Unit Price: 2,59 €, Comparison Price: 6,48 €/kg
Product: Jalostaja Herneet 430g, Unit Price: 1,89 €, Comparison Price: 7,88 €/kg
Product: Fragata jalapenoviipaleet 350//200g, Unit Price: 1,75 €, Comparison Price: 8,75 €/kg
Product: Vegontable Caperberries in 250ml jar, Unit Price: 2,29 €, Comparison Price: 16,36 €/kg
Product: Dronningholm Mustaherukkahyytelö 330g, Unit Price: 3,59 €, Comparison Price: 10,88 €/kg
Product: Président Brie juusto 125g, Unit Price: 2,39 €, Comparison Price: 19,12 €/kg
Product: Tarmo Ensiapupakkaus 74-osainen, Unit Price: 11,90 €, Comparison Price: 
Product: Pekan Leipä Juustorinkeli 5kpl 250g, Unit Price: 3,19 €, Comparison Price: 12,76 €/kg
Product: Sinuhe Juustorinkeli 320g, Unit Price: 4,75 €, Comparison Price: 14,84 €/kg
Product: Bonne Luumusose 0,5L, Unit Price: 4,09 €, Comparison Price: 8,18 €/l
Product: HK Herkkumaksamakkara 150 g, Unit Price: 1,79 €, Comparison Price: 11,93 €/kg
Product: Atria Ohuen Ohut Paahdettu Kanafilee 150g, Unit Price: 3,59 €, Comparison Price: 23,93 €/kg
Product: PUOLUKKA - Lohkeava luonnonjogurtti 150g, Unit Price: 1,05 €, Comparison Price: 7,00 €/kg
Product: HK Ohuen ohut Palvikalkkuna 200 g, Unit Price: 2,49 €, Comparison Price: 12,45 €/kg
Product: Fazer Mokkapalamunkki 12kpl 1296g, kypsäpakaste, Unit Price: 9,90 €, Comparison Price: 7,64 €/kg
Product: Multi Cream Color Natural Blond 33, Unit Price: 3,15 €, Comparison Price: 
Product: Vire Magnesium 375 mg 90 tablettia / 68 g, Unit Price: 6,30 €, Comparison Price: 0,07 €/kpl
Product: Coop ohuet vihreät pavut 500 g pakaste, Unit Price: 0,97 €, Comparison Price: 1,94 €/kg
Product: Vastuskuminauha 3 kpl IR97630, Unit Price: 3,99 €, Comparison Price: 1,33 €/kpl
Product: House vastuskuminauha Steam medium, Unit Price: 3,99 €, Comparison Price: 
Product: House voimakuminauha medium, Unit Price: 12,95 €, Comparison Price: 
Product: House hyppynaru 275 cm IR97101B, Unit Price: 1,99 €, Comparison Price: 1,99 €/pr
Product: Gymstick Pro vastuskuminauhat Medium, Unit Price: 7,99 €, Comparison Price: 
Product: House voimakuminauha light, Unit Price: 9,99 €, Comparison Price: 
Product: Gymstick Pro vastuskuminauhat Light, Unit Price: 7,99 €, Comparison Price: 
Product: House vastuskuminauha Steam heavy, Unit Price: 3,99 €, Comparison Price: 
Product: Gymstick Pro vastuskuminauhat Strong, Unit Price: 7,99 €, Comparison Price: 
Product: House vastuskuminauha Steam light, Unit Price: 3,99 €, Comparison Price: 
Product: House voimakuminauha heavy, Unit Price: 16,95 €, Comparison Price: 
Product: House rullattava jumppamatto 60 x 120 cm, Unit Price: 9,99 €, Comparison Price: 
Product: Kangaspäällysteinen vastuskuminauha Medium, Unit Price: 12,95 €, Comparison Price: 
Product: House joogamatto Print 5 mm, Unit Price: 12,95 €, Comparison Price: 
Product: House hyppynaru nahkaa 275 cm IR97119, Unit Price: 8,99 €, Comparison Price: 8,99 €/pr
Product: House hierontarulla 33 cm, halkaisija 14 cm, Unit Price: 9,99 €, Comparison Price: 
Product: Kangaspäällysteinen vastuskuminauha Light, Unit Price: 10,95 €, Comparison Price: 
Product: House venyttelykuminauha 86 cm, Unit Price: 8,99 €, Comparison Price: 
Product: Gymstick mini voimakuminauha, medium, Unit Price: 12,95 €, Comparison Price: 
Product: House rullattava jumppamatto 100 x 180 cm kantokahvalla, Unit Price: 19,95 €, Comparison Price: 
Product: House pilatesrulla 15 x 46 cm, Unit Price: 15,95 €, Comparison Price: 
Product: House voimistelukuminauha, Unit Price: 8,99 €, Comparison Price: 
Product: Kangaspäällysteinen vastuskuminauha Heavy, Unit Price: 14,95 €, Comparison Price: 
Product: Gymstick mini voimakuminauha, strong, Unit Price: 16,95 €, Comparison Price: 
Product: Miniluumutomaatti 500g, Unit Price: 4,29 €, Comparison Price: 8,58 €/kg
Product: Xtra mansikkahillo 800 g, Unit Price: 2,68 €, Comparison Price: 3,35 €/kg
Product: Rainbow puolukkahillo 400 g, Unit Price: 1,55 €, Comparison Price: 3,88 €/kg
Product: Meritalo Suomalainen Mansikkahillo 410g, Unit Price: 3,59 €, Comparison Price: 8,76 €/kg
Product: Coop mansikkahillo 370 g, Unit Price: 1,55 €, Comparison Price: 4,19 €/kg
Product: Dronningholm Mansikkahillo 1kg, Unit Price: 4,25 €, Comparison Price: 4,25 €/kg
Product: Saarioinen Puolukkahillo 500g, Unit Price: 3,70 €, Comparison Price: 7,40 €/kg
Product: Saarioinen Mansikkahillo 500g, Unit Price: 3,69 €, Comparison Price: 7,38 €/kg
Product: Coop mansikkahillo pullossa 400 g, Unit Price: 2,79 €, Comparison Price: 6,98 €/kg
Product: Meritalo Suomalainen Puolukkahillo 410g, Unit Price: 3,59 €, Comparison Price: 8,76 €/kg
Product: Dronningholm Mansikkahillo 440g, Unit Price: 3,39 €, Comparison Price: 7,70 €/kg
Product: Saarioinen Mansikkahillo 800g, Unit Price: 5,55 €, Comparison Price: 6,94 €/kg
Product: Saarioinen Puolukkahillo 800g, Unit Price: 5,89 €, Comparison Price: 7,36 €/kg
Product: Ekströms mansikkahillo 425g, Unit Price: 3,89 €, Comparison Price: 9,15 €/kg
Product: Xtra puolukkahillo 800 g, Unit Price: 2,25 €, Comparison Price: 2,81 €/kg
Product: Xtra lettuhillo 800 g, Unit Price: 2,04 €, Comparison Price: 2,55 €/kg
Product: Coop vadelmahillo 370 g, Unit Price: 2,05 €, Comparison Price: 5,54 €/kg
Product: Saarioinen Puolukkahillo vähemmän sokeria 320g, Unit Price: 3,19 €, Comparison Price: 9,97 €/kg
Product: Dronningholm Vadelmahillo 1kg, Unit Price: 5,85 €, Comparison Price: 5,85 €/kg
Product: Kotimaista puolukkahillo 310 g, Unit Price: 2,99 €, Comparison Price: 9,65 €/kg
Product: Saarioinen Vadelmahillo 500g, Unit Price: 4,79 €, Comparison Price: 9,58 €/kg
Product: Ekströms Vanhan ajan puolukkahillo 410g, Unit Price: 3,19 €, Comparison Price: 7,78 €/kg
Product: Herkkumaa Gourmet mansikkahillo 460 g, Unit Price: 3,29 €, Comparison Price: 7,15 €/kg
Product: Ekströms Vanhan ajan mansikkahillo 410g, Unit Price: 3,89 €, Comparison Price: 9,49 €/kg
Product: Meritalo Suomalainen Omenahillo 400g, Unit Price: 2,69 €, Comparison Price: 6,73 €/kg
Product: Santa Maria Coconut Milk Organic Kookomaito Luomu 250 ml, Unit Price: 1,95 €, Comparison Price: 7,80 €/l
Product: Marimekko 33cm Unikko oranssi vihreä 20kpl lautasliina, Unit Price: 2,13 €, Comparison Price: 0,11 €/kpl
Product: Kinder Maxi maitosuklaata maitoisalla täytteellä 21g (1kpl), Unit Price: 0,49 €, Comparison Price: 23,33 €/kg
Product: 500ml Borges Ekstra-neitsytoliiviöljy, Unit Price: 9,89 €, Comparison Price: 19,78 €/l
Product: Xtra 1l oliiviöljy, Unit Price: 8,49 €, Comparison Price: 8,49 €/l
Product: 250ml Borges Ekstra-neitsytoliiviöljy, Unit Price: 6,59 €, Comparison Price: 26,36 €/l
Product: Coop oliiviöljy 500 ml, Unit Price: 7,89 €, Comparison Price: 15,78 €/l
Product: Coop oliiviöljy jalostetusta oliiviöljystä ja neitsytoliiviöljystä 1 l, Unit Price: 13,79 €, Comparison Price: 13,79 €/l
Product: Memmas Knossos Extra Neitsytoliiviöljy 500 ml, Unit Price: 10,79 €, Comparison Price: 21,58 €/l
Product: Änglamark Extra virgin espanjalainen oliiviöljy luomu 0,5 l, Unit Price: 8,59 €, Comparison Price: 17,18 €/l
Product: Änglamark ekstra-neitsytoliiviöljy italialainen luomu 500 ml, Unit Price: 10,90 €, Comparison Price: 21,80 €/l
Product: Memmas Knossos Oliiviöljy mieto 500 ml, Unit Price: 7,99 €, Comparison Price: 15,98 €/l
Product: Coop ekstra-neitsytoliiviöljy 500 ml, Unit Price: 7,95 €, Comparison Price: 15,90 €/l
Product: Memmas Knossos Luomu Extra Neitsytoliiviöljy 500 ml, Unit Price: 12,39 €, Comparison Price: 24,78 €/l
Product: Bertolli 500ml Olio di Oliva Classico oliiviöljy, Unit Price: 11,69 €, Comparison Price: 23,38 €/l
Product: 500ml Borges Classic oliiviöljy, Unit Price: 11,89 €, Comparison Price: 23,78 €/l
Product: 500ml Borges Extra Mild mieto oliiviöljy, Unit Price: 11,99 €, Comparison Price: 23,98 €/l
Product: 250ml Borges Classic Oliiviöljy, Unit Price: 6,39 €, Comparison Price: 25,56 €/l
Product: Terra Creta 500ml Estate Luomu Extra neitsyt oliiviöljy, Unit Price: 11,89 €, Comparison Price: 23,78 €/l
Product: Bertolli 250ml Originale ekstra-neitsytoliiviöljy, Unit Price: 6,79 €, Comparison Price: 27,16 €/l
Product: Coop sitruunanmakuinen oliiviöljy 250 ml, Unit Price: 3,99 €, Comparison Price: 15,96 €/l
Product: Coop basilikanmakuinen oliiviöljy 250 ml, Unit Price: 3,99 €, Comparison Price: 15,96 €/l
Product: Coop valkosipulinmakuinen oliiviöljy 250 ml, Unit Price: 3,99 €, Comparison Price: 15,96 €/l
Product: Filos 500ml original koroneiki ekstra-neitsytoliiviöljy, Unit Price: 12,39 €, Comparison Price: 24,78 €/l
Product: Terra Delyssa Ekstra-neitsytoliiviöljy 500ml, Unit Price: 7,75 €, Comparison Price: 15,50 €/l
Product: Memmas Knossos Extra Neitsytoliiviöljy 250 ml, Unit Price: 6,69 €, Comparison Price: 26,76 €/l
Product: Keiju kylmäpuristettu extra virgin oliiviöljyspray 200 ml, Unit Price: 6,99 €, Comparison Price: 34,95 €/l
Product: Valio Emmental e150 g raaste (punaleima), Unit Price: 2,75 €, Comparison Price: 18,33 €/kg
Product: Marimekko 33cm Mini Unikot vaaleanpunainen 20kpl lautasliina, Unit Price: 2,13 €, Comparison Price: 0,11 €/kpl
Product: OLVI Hard Seltzer Strawberry & Rhubarb 4,5% 0,33 l tlk, Unit Price: 2,39 €, Comparison Price: 6,79 €/l
Product: OLVI Hard Seltzer Lemon & Lime 4,5% 0,33 l tlk, Unit Price: 2,39 €, Comparison Price: 6,79 €/l
Product: OLVI Hard Seltzer Juiced Pear 4,5 % 0,33 l tlk, Unit Price: 2,39 €, Comparison Price: 6,79 €/l
Product: OLVI Hard Seltzer Juiced Raspberry 4,5 % 0,33 l tlk, Unit Price: 2,39 €, Comparison Price: 6,79 €/l
Product: OLVI Hard Seltzer Lime-Blueberry 4,5 % 0,33 l tlk, Unit Price: 2,39 €, Comparison Price: 6,79 €/l
Product: OLVI Hard Seltzer Mango & Pineapple 4,5 % 0,33 l tlk, Unit Price: 2,39 €, Comparison Price: 6,79 €/l
Product: Rainbow Passion fruit-Mango 4,5% 330ml hard seltzer, Unit Price: 2,15 €, Comparison Price: 6,06 €/l
Product: Hartwall Hard Seltzer Vadelma 4,5% 0,33 l, Unit Price: 2,19 €, Comparison Price: 6,18 €/l
Product: Rainbow Lemon-Lime 4,5% 330ml hard seltzer, Unit Price: 2,15 €, Comparison Price: 6,06 €/l
Product: Rainbow Strawberry-Lime 4,5% 330ml hard seltzer, Unit Price: 2,15 €, Comparison Price: 6,06 €/l
Product: Hartwall Hard Seltzer Persikka 4,5% 0,33 l, Unit Price: 2,19 €, Comparison Price: 6,18 €/l
Product: OLVI Hard Seltzer Watermelon & Mint 0,33 l tlk, Unit Price: 2,39 €, Comparison Price: 6,79 €/l
Product: SAY Alcohol Free Seltzer Lime Mint 0% 33cl, Unit Price: 1,49 €, Comparison Price: 4,06 €/l
Product: Hartwall Hard Seltzer Lime 4,5% 0,33 l, Unit Price: 2,19 €, Comparison Price: 6,18 €/l
Product: Laitilan Naku Juicy Raspberry 4,5% 0,33L hard seltzer, Unit Price: 2,59 €, Comparison Price: 7,39 €/l
Product: Garage Hard Seltzer Pink Lemonade maustettu alkoholijuoma 4,5 % tölkki 0,33 L, Unit Price: 2,49 €, Comparison Price: 7,09 €/l
Product: Saimaa Hard Seltzer Lingonberry Juniper 4,5% 0,33l tlk, Unit Price: 2,59 €, Comparison Price: 7,39 €/l
Product: Koskenkorva Vichy Mansikka-Kiivi 4,5% 33cl, Unit Price: 2,59 €, Comparison Price: 7,39 €/l
Product: Garage Hard Seltzer Tropical Lemonade maustettu alkoholijuoma 4,5 % tölkki 0,33 L, Unit Price: 2,49 €, Comparison Price: 7,09 €/l
Product: Laitilan Naku Apple Sour 4,5% 0,33L hard seltzer, Unit Price: 2,59 €, Comparison Price: 7,39 €/l
Product: Koskenkorva Vichy vadelma-granaattiomena 4,5% 33cl, Unit Price: 2,59 €, Comparison Price: 7,39 €/l
Product: Saimaa Hard Seltzer Piña Colada 4,5% 0,33l tlk, Unit Price: 2,59 €, Comparison Price: 7,39 €/l
Product: Crowmoor Vodka Spritz Positively Pineapple maustettu alkoholijuoma 4,1 % tölkki 0,33 L, Unit Price: 2,19 €, Comparison Price: 6,18 €/l
Product: Laitilan Naku Lemon Sour 4,5% 0,33L hard seltzer, Unit Price: 2,59 €, Comparison Price: 7,39 €/l
Product: Raffini hiusharja, Unit Price: 3,95 €, Comparison Price: 
Product: Schwarzkopf LIVE 89 Bitter Sweet Chocolate hiusväri, Unit Price: 8,79 €, Comparison Price: 
Product: Fazer Froosh Hedelmäsmoothie 250 ml Persikka ja Passionhedelmä, Unit Price: 2,49 €, Comparison Price: 9,56 €/l
Product: Innocent Super smoothie 300 ml Antioxidant, Unit Price: 2,75 €, Comparison Price: 8,83 €/l
Product: Fazer Froosh Hedelmä- ja marjasmoothie 250 ml Mustikka ja Vadelma, Unit Price: 2,49 €, Comparison Price: 9,56 €/l
Product: Rainbow mansikka-banaanismoothie 1 l, Unit Price: 2,95 €, Comparison Price: 2,95 €/l
Product: Rainbow hedelmäsmoothie 1 l, Unit Price: 2,95 €, Comparison Price: 2,95 €/l
Product: Marli Marjainen smoothie + D&C -vitamiinit 2,5 dl, Unit Price: 1,60 €, Comparison Price: 6,40 €/l
Product: Innocent Super smoothie 300 ml Recharge, Unit Price: 2,75 €, Comparison Price: 8,83 €/l
Product: Innocent Super smoothie 300 ml Energise, Unit Price: 2,75 €, Comparison Price: 8,83 €/l
Product: Fazer Froosh Hedelmäsmoothie 250 ml Mansikka, Banaani ja Guava, Unit Price: 2,49 €, Comparison Price: 9,56 €/l
Product: Fazer Froosh Hedelmäsmoothie 250 ml Mango ja Appelsiini, Unit Price: 2,49 €, Comparison Price: 9,56 €/l
Product: Marli Hedelmäinen smoothie +D&C -vitamiinit 2,5 dl, Unit Price: 1,60 €, Comparison Price: 6,40 €/l
Product: Marli Trooppinen smoothie +D&C-vitamiini  2,5 dl, Unit Price: 1,60 €, Comparison Price: 6,40 €/l
Product: Brämhults Voima smoothie 0,3L, Unit Price: 2,60 €, Comparison Price: 8,33 €/l
Product: Froosh Smoothie Immunity Omena, päärynä, kiivi ja inkivääri 235 ml, Unit Price: 2,29 €, Comparison Price: 9,74 €/l
Product: Valio Luomu™ smoothie 0,75 l hedelmä, Unit Price: 4,45 €, Comparison Price: 5,93 €/l
Product: Froosh Smoothie Energizer Mango, appelsiini, porkkana ja inkivääri 235 ml, Unit Price: 2,29 €, Comparison Price: 9,74 €/l
Product: JUNGLE JUICE BAR Red Panda 250ml, Unit Price: 2,95 €, Comparison Price: 11,40 €/l
Product: Marli Kesämarjat smoothie +D&C -vitamiinit ja proteiini 2,5 dl, Unit Price: 1,60 €, Comparison Price: 6,40 €/l
Product: Brämhults Energia smoothie 0,3L, Unit Price: 2,60 €, Comparison Price: 8,33 €/l
Product: JUNGLE JUICE BAR Queen Bee 250ml, Unit Price: 2,95 €, Comparison Price: 11,40 €/l
Product: Humble Raikas Smoothie Mango 250ml, Unit Price: 2,55 €, Comparison Price: 9,80 €/l
Product: Froosh Mango, passion apple  750 ml, Unit Price: 3,99 €, Comparison Price: 5,32 €/l
Product: Innocent Super smoothie 300 ml Into the blue, Unit Price: 2,75 €, Comparison Price: 8,83 €/l
Product: Foodin Chia Good mango-mandariini smoothie, 250ml, Unit Price: 2,95 €, Comparison Price: 11,40 €/l
Product: Huhtamaki lautasliina 20x25*25cm Summer 2024 Swan, Unit Price: 1,43 €, Comparison Price: 0,07 €/kpl
Product: Santa Maria Coconut Milk Light Kookosmaito Vähärasvainen 250 ml, Unit Price: 1,79 €, Comparison Price: 7,16 €/l
Product: Apetit Kotimainen Sipulikuutio pakaste 200 g, Unit Price: 0,79 €, Comparison Price: 3,95 €/kg
Product: Coop vaniljakermajäätelö 1 l, Unit Price: 1,29 €, Comparison Price: 1,29 €/l
Product: Alpro Barista Kookosjuoma soijalla 1L, Unit Price: 2,85 €, Comparison Price: 2,85 €/l
Product: Alpro No Sugars Kookosjuoma, ilman sokereita 1L, Unit Price: 2,89 €, Comparison Price: 2,89 €/l
Product: ISOLA BIO 1L LUOMU HIRSSIJUOMA, Unit Price: 2,79 €, Comparison Price: 2,79 €/l
Product: Oddlygood® jääkahvi 1 l caramel UHT gluteeniton, Unit Price: 2,79 €, Comparison Price: 2,79 €/l
Product: Oddlygood® jääkahvi 1 l original UHT gluteeniton, Unit Price: 2,79 €, Comparison Price: 2,79 €/l
Product: Fazer Domino Fun Avec herkuttelukeksi 120 g, Unit Price: 2,39 €, Comparison Price: 19,92 €/kg
Product: Valio pizzajuusto e150 g raaste, Unit Price: 2,75 €, Comparison Price: 18,33 €/kg
Product: MAUSTAMATON - Lohkeava jogurtti 150g, Unit Price: 1,09 €, Comparison Price: 7,27 €/kg
Product: Jalostaja Lihapullakastike 400g, Unit Price: 3,69 €, Comparison Price: 9,23 €/kg
Product: Filos riisitäytteinen viininlehtikääryle 280g, Unit Price: 3,15 €, Comparison Price: 11,25 €/kg
Product: Jemma Pulled Pork BBQ nyhtöpossua kastikkeessa 210 g, Unit Price: 3,95 €, Comparison Price: 18,81 €/kg
Product: Jemma Butter Chicken kanalastuja kastikkeessa 210 g, Unit Price: 3,95 €, Comparison Price: 18,81 €/kg
Product: Jemma Vege Gochujang kasvispyörykät kastikkeessa 230 g, Unit Price: 3,95 €, Comparison Price: 17,17 €/kg
Product: Jalostaja Lihapyörykät ruskeakastikkeessa 400g, Unit Price: 3,25 €, Comparison Price: 8,13 €/kg
Product: Paliria riisitäytteinen viininlehtikääryle 280g, Unit Price: 3,95 €, Comparison Price: 14,11 €/kg
Product: Jalostaja Chili con Härkis® 400g, Unit Price: 4,09 €, Comparison Price: 10,23 €/kg
Product: Chef Kalle Vöner-lastu miedossa kastikkeessa 207 g, Unit Price: 2,22 €, Comparison Price: 10,72 €/kg
Product: Deroni Paprika-munakoisotahna Ajvar 250 g, Unit Price: 2,99 €, Comparison Price: 11,96 €/kg
Product: Jalostaja Herkkulihapullaruskeakastike 400g, Unit Price: 4,19 €, Comparison Price: 10,48 €/kg
Product: Jalostaja Lihapyörykät kermakastikkeessa 450g, Unit Price: 4,55 €, Comparison Price: 10,11 €/kg
Product: Deroni paprika-tomaattitahna Lutenitsa 265 g, Unit Price: 2,79 €, Comparison Price: 10,53 €/kg
Product: Marimekko 25cm Sitruunapuu vaaleanpunainen 20kpl lautasliina, Unit Price: 1,67 €, Comparison Price: 0,08 €/kpl
Product: Airwick Freshmatic täyttö Mystical Garden 250ml, Unit Price: 5,49 €, Comparison Price: 21,96 €/l
Product: Sydän kynttilä 10x9x5 cm vaal.punainen, Unit Price: 3,90 €, Comparison Price: 
Product: Havi pöytäkynttilä pioni 7x12cm 1kpl 50 h, Unit Price: 3,19 €, Comparison Price: 
Product: Havi pöytäkynttilä valkoinen 7cmx12cm 1kpl 50 h, Unit Price: 3,19 €, Comparison Price: 
Product: Rainbow valkoinen pöytäkynttilä 8 kpl, 5x7cm, Unit Price: 6,85 €, Comparison Price: 0,86 €/kpl
Product: Rainbow pöytäkynttilä vaaleanpunainen 60x100mm, Unit Price: 1,85 €, Comparison Price: 
Product: Rainbow valkoinen pöytäkynttilä 1 kpl 6x10cm, Unit Price: 1,85 €, Comparison Price: 
Product: Havi pöytäkynttilä puuteri 7cmx15cm 1kpl 70h, Unit Price: 3,99 €, Comparison Price: 
Product: HANSA 8x8/10/12cm pöytäkynttilä mix valkoinen, Unit Price: 5,75 €, Comparison Price: 1,92 €/kpl
Product: Bolsius RUSTIIKKI PK 130/68 CLOUDY WHITE, Unit Price: 3,79 €, Comparison Price: 
Product: Rainbow pöytäkynttilä persikka 60x100mm, Unit Price: 1,85 €, Comparison Price: 
Product: Havi pöytäkynttilä magnolia 7x12cm 1kpl 50 h, Unit Price: 3,19 €, Comparison Price: 
Product: Bolsius Pilari kynttilä 200/100 ce1 White, Unit Price: 8,45 €, Comparison Price: 
Product: Duni 15x7cm 62h valkoinen pöytäkynttilä x 12, Unit Price: 2,95 €, Comparison Price: 
Product: Bolsius Rustiikkikynttilät 190/68 Cloudy White, Unit Price: 5,75 €, Comparison Price: 
Product: Rainbow pöytäkynttilä koivunvihreä 60x100mm, Unit Price: 1,85 €, Comparison Price: 
Product: Havi pöytäkynttilä Samppanja 7x15cm 1kpl 70h, Unit Price: 3,65 €, Comparison Price: 
Product: Duni 15x7cm 62h pehmeä pinkki pöytäkynttilä x 12, Unit Price: 2,95 €, Comparison Price: 
Product: Bolsius RUSTIIKKI PK 80/68 MISTY PINK, Unit Price: 2,79 €, Comparison Price: 
Product: Bolsius RUSTIIKKI PK 130/68 Misty pink, Unit Price: 3,79 €, Comparison Price: 
Product: Bolsius RUSTIIKKI PK 130/68 Fresh olive, Unit Price: 3,79 €, Comparison Price: 
Product: Bolsius RUSTIIKKI PK 100/50 Fresh Olive, Unit Price: 2,29 €, Comparison Price: 
Product: Bolsius Pillar candle 100/50 Rustic Cloudy White, Unit Price: 2,29 €, Comparison Price: 
Product: Rainbow pöytäkynttilä 60x100mm shampanja, Unit Price: 1,85 €, Comparison Price: 
Product: Havi pöytäkynttilä 70x150 Valkoinen 70h, Unit Price: 3,65 €, Comparison Price: 
Product: Taffel Pähkinä suolapähkinä 300g, Unit Price: 2,79 €, Comparison Price: 9,30 €/kg
Product: Coop peruna ja keittojuurekset 750 g pakaste, Unit Price: 1,15 €, Comparison Price: 1,53 €/kg
Product: Xtra kookosmaito 400 ml, Unit Price: 1,19 €, Comparison Price: 2,97 €/l
Product: Sini lattiakaivosuodatin 15cm 3kpl, Unit Price: 5,89 €, Comparison Price: 1,96 €/kpl
Product: SINI käsitiski täyttöpakkaus 2 kpl, Unit Price: 3,79 €, Comparison Price: 1,90 €/kpl
Product: SINI käsitiski starttipakkaus, Unit Price: 4,89 €, Comparison Price: 
Product: Nord Clean lattiakaivonsuoja 2kpl, Unit Price: 3,29 €, Comparison Price: 
Product: Sini teleskooppivarsi 100-180cm, Unit Price: 20,95 €, Comparison Price: 
Product: Sini Puhdistusterä, Unit Price: 6,69 €, Comparison Price: 
Product: Sini Keittiön puhdistusaine täyttöpakkaus 2kpl, Unit Price: 3,79 €, Comparison Price: 1,90 €/kpl
Product: Sini hiussieppari 2kpl, Unit Price: 5,69 €, Comparison Price: 2,85 €/kpl
Product: Sini Yleisp täyttöpakkaus 2 kpl, Unit Price: 3,79 €, Comparison Price: 1,90 €/kpl
Product: Sini yleispuhdistusaine starttipakkaus, Unit Price: 4,89 €, Comparison Price: 
Product: Sini välinepuristin 2kpl, Unit Price: 5,89 €, Comparison Price: 2,95 €/kpl
Product: Sini kuppipuristin pyöreään ämpäriin, Unit Price: 4,89 €, Comparison Price: 
Product: Sini Keittiönpuhdistusaine starttipakkaus, Unit Price: 4,89 €, Comparison Price: 
Product: Sini Kylppäri starttipakkaus, Unit Price: 4,89 €, Comparison Price: 
Product: Sini lattiakaivoharja, Unit Price: 7,95 €, Comparison Price: 
Product: Vileda UltraMax sanko ja puristin, Unit Price: 16,45 €, Comparison Price: 
Product: Sini Kylppäri täyttöpakkaus, Unit Price: 3,79 €, Comparison Price: 1,90 €/kpl
Product: Vileda Teleskooppivarsi 795-1400 mm, Unit Price: 8,95 €, Comparison Price: 
Product: Nordic Stream teleskooppivarsi 90-160 cm DNS15705, Unit Price: 7,95 €, Comparison Price: 
Product: Sini sinisanko ja teline, Unit Price: 14,95 €, Comparison Price: 
Product: Sini teleskooppivarsi 250cm, Unit Price: 22,95 €, Comparison Price: 
Product: Coop Mini Mix jäätelöpuikot 12 kpl 600 g, Unit Price: 3,65 €, Comparison Price: 8,51 €/kg
Product: mjuuk volume dry shampoo kuivashampoo 250 ml, Unit Price: 6,49 €, Comparison Price: 25,96 €/l
Product: Coop meetvursti 200 g, Unit Price: 1,82 €, Comparison Price: 9,10 €/kg
Product: Mocktail Italian Spritz 0,0% 0,33l, Unit Price: 1,49 €, Comparison Price: 4,06 €/l
Product: Garage Vodka Lemonade 4,1% 0,5 L tlk, Unit Price: 3,49 €, Comparison Price: 6,68 €/l
Product: Selvin Päin & Kåska Violet Spritz 0,0%, 0,33l, Unit Price: 2,39 €, Comparison Price: 6,79 €/l
Product: Mocktail Strawberry Margarita 0,0% 0,33l, Unit Price: 1,49 €, Comparison Price: 4,06 €/l
Product: Mocktail Piña Colada 0,0% 0,33l, Unit Price: 1,49 €, Comparison Price: 4,06 €/l
Product: Mocktail Cosmopolitan 0,0% 0,33l, Unit Price: 1,49 €, Comparison Price: 4,06 €/l
Product: Mocktail Mojito 0,0% 0,33l, Unit Price: 1,49 €, Comparison Price: 4,06 €/l
Product: Koskenkorva PURE Peach-Raspberry 5,5% 33cl, Unit Price: 2,95 €, Comparison Price: 8,48 €/l
Product: Bacardi Breezer Lime 27,5 cl lasiplo 4 %  FAB, Unit Price: 3,10 €, Comparison Price: 10,91 €/l
Product: Smirnoff Ice Original juomasekoitus 0,275 L, Unit Price: 3,06 €, Comparison Price: 10,76 €/l
Product: Garage Vodka Lemonade Peach maustettu alkoholijuoma 4,1 % tölkki 0,5 L, Unit Price: 3,49 €, Comparison Price: 6,68 €/l
Product: Garage Vodka Lemonade Passionfruit maustettu alkoholijuoma 4,1 % tölkki 0,5 L, Unit Price: 3,49 €, Comparison Price: 6,68 €/l
Product: Koskenkorva PURE Raspberry Lemon 5,5% 33cl can, Unit Price: 2,95 €, Comparison Price: 8,48 €/l
Product: Saimaa Hard Iced Tea Peach 4,0% 0,33l tölkki, Unit Price: 2,59 €, Comparison Price: 7,39 €/l
Product: Breezer Vadelma&Yuzu alkoholijuomasekoitus 4 % lasipullo 0,275 L, Unit Price: 3,10 €, Comparison Price: 10,91 €/l
Product: Koskenkorva PURE Strawberry Lime 5,5% 33cl can, Unit Price: 2,95 €, Comparison Price: 8,48 €/l
Product: Le Coq Cocktail Margarita 4,7 % 0,33 l klp, Unit Price: 2,60 €, Comparison Price: 7,58 €/l
Product: Le Coq Cocktail Blue Lagoon 4,7% 0,33 l klp, Unit Price: 2,60 €, Comparison Price: 7,58 €/l
Product: Koskenkorva PURE Passion Strawberry 5,5% 33cl, Unit Price: 2,95 €, Comparison Price: 8,48 €/l
Product: Garage Vodka Lemonade Raspberry maustettu alkoholijuoma 4,1 % tölkki 0,5 L, Unit Price: 3,49 €, Comparison Price: 6,68 €/l
Product: Selvin Päin & Kåska Ginger Spritz 0,0%, 0,33l, Unit Price: 2,39 €, Comparison Price: 6,79 €/l
Product: Breezer  White Tea & Raspberry juomasekoitus 4 % lasipullo 0,275 L, Unit Price: 3,10 €, Comparison Price: 10,91 €/l
Product: NP Cocktail Italian Spritz  4,0% 0,33l, Unit Price: 2,45 €, Comparison Price: 6,97 €/l
Product: Absolut Drinks Raspberry Lemonade 4 % 27,5 cl, Unit Price: 2,99 €, Comparison Price: 10,51 €/l
Product: Apetit Herne-maissi-paprika pakaste 200g, Unit Price: 0,95 €, Comparison Price: 4,75 €/kg
Product: Wella Classic Hairspray extra strong hold 4 hiuskiinne 400 ml, Unit Price: 4,89 €, Comparison Price: 12,22 €/l
Product: L'Oréal Paris Magic Retouch Dark Brown Suihkutettava tyvisävyte 75ml, Unit Price: 8,39 €, Comparison Price: 111,87 €/l
Product: LOTUS Sensitive Kostea wc-paperi Perhepakkaus 80 kpl, Unit Price: 4,65 €, Comparison Price: 0,06 €/kpl
Product: Apetit Kruunusekoitus vihannessekoitus pakaste 300g, Unit Price: 1,99 €, Comparison Price: 6,63 €/kg
Product: Raffini hiuslenkki musta ohut 15 kpl, Unit Price: 1,25 €, Comparison Price: 0,08 €/kpl
Product: Carrefour lautasliina valkoinen 33 cm 100 kpl, Unit Price: 1,99 €, Comparison Price: 0,02 €/kpl
Product: Cailap Pehmohiuslenkkisetti musta 6kpl, Unit Price: 2,90 €, Comparison Price: 0,48 €/kpl
Product: Kantolan Kaurakeksi suklaakeksi 200g, Unit Price: 2,35 €, Comparison Price: 11,75 €/kg
Product: 5x Mama Kanamakuinen nuudeli 90g, Unit Price: 3,89 €, Comparison Price: 8,64 €/kg
Product: Mama 6-pack Kananmakuinen nuudeli 6x55g, Unit Price: 3,39 €, Comparison Price: 10,27 €/kg
Product: Mama 12-pack Kananmakuinen nuudeli 12x55g, Unit Price: 5,79 €, Comparison Price: 8,77 €/kg
Product: Mama Spicy Chicken Flavour 90g, Unit Price: 0,75 €, Comparison Price: 8,33 €/kg
Product: Mama Kanamakuinen nuudeli 90g, Unit Price: 0,79 €, Comparison Price: 8,78 €/kg
Product: Mama Kananmakuinen nuudeli 55g, Unit Price: 0,69 €, Comparison Price: 12,55 €/kg
Product: Mama OK Hot Korean Flavour Nuudeli 85g, Unit Price: 1,19 €, Comparison Price: 14,00 €/kg
Product: Mama Itämainen vihanneksenmakuinen nuudeli 60g, Unit Price: 0,69 €, Comparison Price: 11,50 €/kg
Product: Mama Itämainen katkaravunmakuinen nuudeli 60g, Unit Price: 0,69 €, Comparison Price: 11,50 €/kg
Product: 6x Mama Itämainen vihanneksenmakuinen nuudeli 60g, Unit Price: 3,35 €, Comparison Price: 9,31 €/kg
Product: Mama Katkaravunmakuinen nuudeli creamy tom yum 90g, Unit Price: 0,79 €, Comparison Price: 8,78 €/kg
Product: Nissin Demae Ramen japanilaistyylinen pikanuudelikeitto, mausteisen makuinen 100g, Unit Price: 0,99 €, Comparison Price: 9,90 €/kg
Product: Nissin 100g Demae Ramen aasialaistyylinen pikanuudelikeitto, seesamin makuinen, Unit Price: 0,99 €, Comparison Price: 9,90 €/kg
Product: Yoodles Noodles 85g Country Chicken nuudelit, Unit Price: 0,45 €, Comparison Price: 5,29 €/kg
Product: Nissin 100g Demae Ramen kananmakuinen nuudeli, Unit Price: 0,99 €, Comparison Price: 9,90 €/kg
Product: Coop texmex juustoraaste 150 g, Unit Price: 2,19 €, Comparison Price: 14,60 €/kg
Product: Mama 6-pack Katkaravunmakuinen nuudeli 6x60g, Unit Price: 3,39 €, Comparison Price: 9,42 €/kg
Product: Mama Itämainen kananmakuinen täysjyvänuudeli 60g, Unit Price: 0,69 €, Comparison Price: 11,50 €/kg
Product: 5x Mama Katkaravunmakuinen nuudeli creamy tom yum 90g, Unit Price: 3,89 €, Comparison Price: 8,64 €/kg
Product: Mama Porsaanlihanmakuinen nuudeli 90g, Unit Price: 0,79 €, Comparison Price: 8,78 €/kg
Product: Mama Riisinuudeli vihanneksenmaku 55g, Unit Price: 0,85 €, Comparison Price: 15,45 €/kg
Product: Coop Asia kanamakuinen nuudeli 5 x 85 g, Unit Price: 2,69 €, Comparison Price: 6,33 €/kg
Product: Mama Ankanmakuinen nuudeli 55g, Unit Price: 0,69 €, Comparison Price: 12,55 €/kg
Product: Mama Itämainen naudanlihanmakuinen nuudeli 60g, Unit Price: 0,69 €, Comparison Price: 11,50 €/kg
Product: Mama 12-pack Itämainen katkaravunmakuinen nuudeli 12x60g, Unit Price: 5,79 €, Comparison Price: 8,04 €/kg
Product: Sprite Zero Sugar Sitruuna-Lime virvoitusjuoma muovipullo 1,5 L, Unit Price: 1,60 €, Comparison Price: 0,80 €/l
Product: Havi 1kpl 70x120mm shampanja  pöytäkynttilä 50 h, Unit Price: 3,19 €, Comparison Price: 
Product: Panda valkosuklaalevy 145g, Unit Price: 1,85 €, Comparison Price: 12,76 €/kg
Product: Xtra valkosuklaa 100 g, Unit Price: 0,59 €, Comparison Price: 5,90 €/kg
Product: Panda vadelmamuru makeislevy 145g, Unit Price: 2,35 €, Comparison Price: 16,21 €/kg
Product: Karl Fazer valkosuklaalevy 131 g, Unit Price: 2,69 €, Comparison Price: 20,53 €/kg
Product: Karl Fazer Valkoinen & Maitosuklaalevy 131 g, Unit Price: 2,69 €, Comparison Price: 20,53 €/kg
Product: Panda salmiakki valkosuklaalevy 145g, Unit Price: 2,35 €, Comparison Price: 16,21 €/kg
Product: Lindt Excellence White Vanilla valkosuklaalevy 100g, Unit Price: 2,99 €, Comparison Price: 29,90 €/kg
Product: Best Friend Ball koiran tennispallo lajitelma, Unit Price: 3,50 €, Comparison Price: 
Product: Saarioinen Jauhelihakiusaus 650g, Unit Price: 5,99 €, Comparison Price: 9,22 €/kg
Product: Kokkikartano  Kinkku-AURA®juustokiusaus 650g, Unit Price: 6,55 €, Comparison Price: 10,08 €/kg
Product: Oikia Vuoriston Venla Perunalastu 350g, Unit Price: 2,79 €, Comparison Price: 7,97 €/kg
Product: Rainbow pähkinäcocktail 200 g, Unit Price: 3,89 €, Comparison Price: 19,45 €/kg
Product: Gullón Kaurakeksi 410g Ei lisättyä sokeria, Unit Price: 2,49 €, Comparison Price: 6,07 €/kg
Product: Löfbergs Kofeiiniton pikakahvi 80 g Rainforest Alliance, Unit Price: 6,65 €, Comparison Price: 83,13 €/kg
Product: Tasangon kaurahyve tuplasuklaapikkuleipä 100% kaura 300g, Unit Price: 2,69 €, Comparison Price: 8,97 €/kg
Product: Valio Gefilus® OLO™ jogurtti 4x125 g ananas-passio laktoositon, Unit Price: 2,79 €, Comparison Price: 5,58 €/kg
Product: Rainbow 100g Reilun kaupan pikakahvi luomu, Unit Price: 3,19 €, Comparison Price: 31,90 €/kg
Product: Fazer Jyväshyvä kaneli kardemumma keksi 320g, Unit Price: 1,79 €, Comparison Price: 5,59 €/kg
Product: Rainbow pöytäkynttilä persikka 60x100mm, Unit Price: 1,47 €, Comparison Price: 
Product: Kotimaista yleisperuna 2 kg, Unit Price: 1,79 €, Comparison Price: 0,90 €/kg
Product: Estrella Karamellisoitu Punasipuli Sipsi 275g, Unit Price: 2,99 €, Comparison Price: 10,87 €/kg
Product: Biozell Professional Color Mask Hoitava sävyte Mandarin 150ml, Unit Price: 8,79 €, Comparison Price: 58,60 €/l
Product: Raffini supersoft hiuslenkki 6kpl musta, Unit Price: 1,00 €, Comparison Price: 0,17 €/kpl
Product: Rainbow kloriitti original 750 ml, Unit Price: 1,49 €, Comparison Price: 1,99 €/l
Product: Klorin Original valkaisu- ja desinfiointiaine 750 ml, Unit Price: 2,29 €, Comparison Price: 3,05 €/l
Product: Mr Muscle 250 ml Uunin- ja grillinpuhdistaja, Unit Price: 3,19 €, Comparison Price: 12,76 €/l
Product: Klorin Laventeli valkaisu- ja desinfiointiaine 750 ml, Unit Price: 2,29 €, Comparison Price: 3,05 €/l
Product: Tolu 500ml Keittiö puhdistusaine spray, Unit Price: 2,95 €, Comparison Price: 5,90 €/l
Product: Kiilto Keittiönpuhdistusliina Sitrus 36 kpl, Unit Price: 2,89 €, Comparison Price: 0,08 €/kpl
Product: Kiilto Keittiö biohajoava puhdistussuihke 600 ml, Unit Price: 3,15 €, Comparison Price: 5,25 €/l
Product: Klorin Power Mousse puhdistus- ja desinfiointi sprayvaahto 500 ml, Unit Price: 3,55 €, Comparison Price: 7,10 €/l
Product: Rainbow 500ml uunin- ja grillinpuhdistusaine, Unit Price: 1,99 €, Comparison Price: 3,98 €/l
Product: Dr Beckmann Keraamisen liesitason puhdistusneste 250 ml, Unit Price: 3,99 €, Comparison Price: 15,96 €/kg
Product: Rainbow keraamisen lieden puhdistaja 300ml, Unit Price: 2,49 €, Comparison Price: 8,30 €/l
Product: Method Keittiö puhdistussuihke Klementiini 828ml, Unit Price: 5,49 €, Comparison Price: 6,63 €/l
Product: Sini Keittiön puhdistusaine täyttöpakkaus 2kpl, Unit Price: 3,79 €, Comparison Price: 1,90 €/kpl
Product: Rainbow kloriitti eucalyptus 750 ml, Unit Price: 1,49 €, Comparison Price: 1,99 €/l
Product: K2r 500ml Uunin- ja Grillin puhdistaja, Unit Price: 4,99 €, Comparison Price: 9,98 €/l
Product: Klorin Original valkaisu- ja desinfiointiaine 1500ml, Unit Price: 3,69 €, Comparison Price: 2,46 €/l
Product: Lumme Keittiö kosteat puhdistusliinat 60kpl (2x30kpl), Unit Price: 2,29 €, Comparison Price: 0,04 €/kpl
Product: Cif Disinfect & Shine Universal Puhdistussuihke Desinfioiva 750 ml, Unit Price: 3,19 €, Comparison Price: 4,25 €/l
Product: Dr Beckmann 375ml Uunin- ja grillinpuhdistajageeli, Unit Price: 3,59 €, Comparison Price: 9,57 €/l
Product: Prima kloriitti 1,5 l, Unit Price: 2,79 €, Comparison Price: 1,86 €/l
Product: Rainbow 750ml keittiösuihke fresh lemon, Unit Price: 1,45 €, Comparison Price: 1,93 €/l
Product: LV 500ml Desinfiointi kodin pinnoille, Unit Price: 6,99 €, Comparison Price: 13,98 €/l
Product: HETI 500ml keittiönpinnat bergamotti-minttu, Unit Price: 4,35 €, Comparison Price: 8,70 €/l
Product: Vitro Clen keraamisen liesitason puhdistusneste 200 ml, Unit Price: 2,99 €, Comparison Price: 14,95 €/l
Product: Atria Saunapalvi 350g, Unit Price: 3,39 €, Comparison Price: 9,69 €/kg
Product: 6 x Mountain Dew No Sugar virvoitusjuoma 0,33 l, Unit Price: 5,89 €, Comparison Price: 2,52 €/l
Product: Coop Tagliatelle pasta 500 g, Unit Price: 1,99 €, Comparison Price: 3,98 €/kg
Product: Coop Tagliatelle pasta, sisältää kananmunaa 500 g, Unit Price: 2,09 €, Comparison Price: 4,18 €/kg
Product: Rummo Fettucce pasta  no 15 500g, Unit Price: 2,49 €, Comparison Price: 4,98 €/kg
Product: Xtra tagliatelle pasta 500 g, Unit Price: 1,45 €, Comparison Price: 2,90 €/kg
Product: Liguori pasta di Gragnano IGP Spaghetti No.3 500g, Unit Price: 1,89 €, Comparison Price: 3,78 €/kg
Product: Barilla Collezione Tagliatelle durumvehnästä valmistettu nauhapasta 500g, Unit Price: 3,65 €, Comparison Price: 7,30 €/kg
Product: Garofalo Tagliatelle durumvehnänauhamakaroni 500g, Unit Price: 3,20 €, Comparison Price: 6,40 €/kg
Product: Rummo Fettuccine all'uovo pasta no 94 250g, Unit Price: 3,25 €, Comparison Price: 13,00 €/kg
Product: Herkku Pappardelle a Nido durumpasta 500 g, Unit Price: 2,29 €, Comparison Price: 4,58 €/kg
Product: Barilla Collezione Pappardelle All Uovo durumvehnästä ja kanamunasta valmistettu pasta 250g, Unit Price: 2,09 €, Comparison Price: 8,36 €/kg
Product: Barilla Tagliatelle gluteeniton pasta 300g, Unit Price: 3,55 €, Comparison Price: 11,83 €/kg
Product: Barilla Tagliatelle con spinachi durumvehnästä valmistettu pinaattipasta 500g, Unit Price: 3,75 €, Comparison Price: 7,50 €/kg
Product: Rainbow 250g gluteeniton tagliatelle, Unit Price: 2,15 €, Comparison Price: 8,60 €/kg
Product: Erisan Hajusteeton hiuskiinne Extra Strong 250ml, Unit Price: 4,29 €, Comparison Price: 17,16 €/l
Product: Rainbow 350g yrttivoipatonki 2kpl pakaste, Unit Price: 1,15 €, Comparison Price: 3,29 €/kg
Product: Rainbow 350g valkosipulivoipatonki 2kpl pakaste, Unit Price: 1,89 €, Comparison Price: 5,40 €/kg
Product: Xtra valkosipulitäytteinen patonki 350 g 2 kpl pakaste, Unit Price: 1,15 €, Comparison Price: 3,29 €/kg
Product: Moilas Gluten-Free Tumma Pyöreä 3 kpl 240 g, kypsä pakaste, Unit Price: 2,85 €, Comparison Price: 11,88 €/kg
Product: Moilas Gluten-Free Kaura100 palaleipä, halkaistu, 4kpl/340g, kypsäpakaste, Unit Price: 2,95 €, Comparison Price: 8,68 €/kg
Product: Elovena 400g gluteenittomat kaura-porkkanasämpylät, pakaste, Unit Price: 3,39 €, Comparison Price: 8,48 €/kg
Product: Porokylän Kaurasydän 4 kpl / 200 g gluteeniton pakaste, Unit Price: 1,99 €, Comparison Price: 9,95 €/kg
Product: Rainbow Gluteeniton sämpylä 4kpl 320g, pakaste, Unit Price: 3,19 €, Comparison Price: 9,97 €/kg
Product: Fazer Gluteeniton Kaura-porkkanasämpylä 4kpl 280g, kypsäpakaste, Unit Price: 3,75 €, Comparison Price: 13,39 €/kg
Product: Moilas Gluten-Free Tumma Leipä 600g viipaloitu pakaste, Unit Price: 5,49 €, Comparison Price: 9,15 €/kg
Product: Fria Karkea leipä 500g gluteeniton pakaste viipale, Unit Price: 3,39 €, Comparison Price: 6,78 €/kg
Product: Moilas Free From Rieska 4 kpl 200 g, kypsä pakaste, Unit Price: 2,99 €, Comparison Price: 14,95 €/kg
Product: Fria Kauraleipä 500g gluteeniton pakaste viipale, Unit Price: 3,39 €, Comparison Price: 6,78 €/kg
Product: Fria Vaalea leipä 500g gluteeniton pakaste viipale x 6, Unit Price: 3,39 €, Comparison Price: 6,78 €/kg
Product: Fria Kuituleipä 500g gluteeniton pakaste viipaloitu, Unit Price: 3,39 €, Comparison Price: 6,78 €/kg
Product: Fria Gluteeniton hotdogsämpylä pakaste 210g/5kpl, Unit Price: 3,25 €, Comparison Price: 15,48 €/kg
Product: Moilas 2kpl/160g gluteeniton Hampurilaissämpylä pakaste, Unit Price: 2,99 €, Comparison Price: 18,69 €/kg
Product: Moilas Gluten-Free Aamiaissämpylä 5kpl/400g, pakaste, Unit Price: 5,69 €, Comparison Price: 14,23 €/kg
Product: Moilas Gluten-Free Kiviarinarieska 3kpl/210g gluteeniton pakaste, Unit Price: 3,89 €, Comparison Price: 18,52 €/kg
Product: Fria Viipaloitu limppu 500g gluteeniton pakaste viipaloitu, Unit Price: 3,39 €, Comparison Price: 6,78 €/kg
Product: Elovena 320g gluteenittomat kaura-myslisämpylät, pakaste, Unit Price: 3,39 €, Comparison Price: 10,59 €/kg
Product: Fazer Gluteeniton Juustosämpylä 3kpl 215g, kypsäpakaste, Unit Price: 3,79 €, Comparison Price: 17,63 €/kg
Product: Ketoinen - Viljaton Sämpylä 4 x 80g, kypsä halkaistu pakaste, Unit Price: 4,99 €, Comparison Price: 15,59 €/kg
Product: Moilas Pitaleipä 3kpl/345g gluteeniton pakaste, Unit Price: 4,89 €, Comparison Price: 14,17 €/kg
Product: Leivon Kauralastu suklainen 300g, Unit Price: 3,05 €, Comparison Price: 10,17 €/kg
Product: Coop hienonnettu pinaatti 150 g pakaste, Unit Price: 0,45 €, Comparison Price: 3,00 €/kg
Product: Willkem BIO Hiusharja, Iso ovaali, Unit Price: 6,90 €, Comparison Price: 
Product: Duni 15x7cm 62h pehmeä pinkki pöytäkynttilä x 12, Unit Price: 2,95 €, Comparison Price: 
Product: Benecol 4x115g mansikkajogurtti, Unit Price: 3,75 €, Comparison Price: 8,15 €/kg
Product: Duni 15x7cm 62h lehdenvihreä pöytäkynttilä x 12, Unit Price: 2,95 €, Comparison Price: 
Product: Rainbow Sitrus virvoitusjuoma 0,5 l kmp, Unit Price: 0,99 €, Comparison Price: 1,58 €/l
Product: Prosec palovaroitin, sis. 9 V pariston, Unit Price: 5,95 €, Comparison Price: 
Product: L'Oréal Paris Magic Retouch Brown Suihkutettava tyvisävyte 75ml, Unit Price: 4,50 €, Comparison Price: 60,00 €/l
Product: Porokylän O´love Kauramustikkakeksi 160 g gluteeniton, Unit Price: 3,05 €, Comparison Price: 19,06 €/kg
Product: Rainbow 150/105g tonnikalaa paloina auringonkukkaöljyssä, Unit Price: 1,39 €, Comparison Price: 13,24 €/kg
Product: Rainbow 150/105g tonnikalaa paloina vedessä, Unit Price: 1,29 €, Comparison Price: 12,29 €/kg
Product: Rainbow 150g/105g tonnikalaa hiutaleina auringonkukkaöljyssä, Unit Price: 1,39 €, Comparison Price: 13,24 €/kg
Product: Rainbow 150/105g keltaevätonnikalaa paloina auringonkukkaöljyssä, Unit Price: 2,49 €, Comparison Price: 23,71 €/kg
Product: Xtra 150/105g tonnikalaa hienonnettuna auringonkukkaöljyssä, Unit Price: 0,72 €, Comparison Price: 6,86 €/kg
Product: Rainbow 3 x 80/56g tonnikalaa paloina öljyssä, Unit Price: 2,39 €, Comparison Price: 14,23 €/kg
Product: Calvo tonnikala auringonkukkaöljyssä 3x65/52g, Unit Price: 2,79 €, Comparison Price: 17,88 €/kg
Product: Xtra 150/105g tonnikalaa hienonnettuna vedessä, Unit Price: 0,79 €, Comparison Price: 7,52 €/kg
Product: Abba MSC tonnikalaa öljyssä 200/150g, Unit Price: 3,39 €, Comparison Price: 22,60 €/kg
Product: Rainbow 150/105g tonnikalaa hiutaleina vedessä, Unit Price: 1,29 €, Comparison Price: 12,29 €/kg
Product: Rainbow 135/104g tonnikalaa paloina oliiviöljyssä MSC Skipjack, Unit Price: 1,69 €, Comparison Price: 16,25 €/kg
Product: Abba MSC tonnikalaa vedessä 200/150g, Unit Price: 3,25 €, Comparison Price: 21,67 €/kg
Product: Rainbow 3 x 80/56g tonnikalaa paloina vedessä, Unit Price: 2,09 €, Comparison Price: 12,44 €/kg
Product: Rainbow 150/105g keltaevätonnikalaa vedessä, Unit Price: 1,99 €, Comparison Price: 18,95 €/kg
Product: Abba MSC yellowfin tonnikalaa öljyssä 150/105g, Unit Price: 3,65 €, Comparison Price: 34,76 €/kg
Product: Rainbow 120g valutettua tonnikalaa MSC, Unit Price: 1,75 €, Comparison Price: 14,58 €/kg
Product: Rainbow 160/116g tonnikalaa paloina vedessä MSC, Unit Price: 1,69 €, Comparison Price: 14,57 €/kg
Product: Calvo tonnikala vedessä 3x80/56g, Unit Price: 3,79 €, Comparison Price: 22,56 €/kg
Product: Rainbow 160/116g tonnikalaa paloina auringonkukkaöljyssä MSC, Unit Price: 1,99 €, Comparison Price: 17,16 €/kg
Product: Rainbow 185/138g tonnikalaa tillillä, Unit Price: 1,99 €, Comparison Price: 10,76 €/kg
Product: Calvo tonnikala auringonkukkaöljyssä MSC 3x65/52g, Unit Price: 4,49 €, Comparison Price: 28,78 €/kg
Product: 160g/104g Rio Mare MSC tonnikala oliiviöljyssä, Unit Price: 3,65 €, Comparison Price: 35,10 €/kg
Product: Rainbow 185g/100g tonnikalaa tomaattikastikkeessa, Unit Price: 1,79 €, Comparison Price: 9,68 €/kg
Product: Calvo tonnikala oliiviöljyssä 3x65/52g, Unit Price: 5,69 €, Comparison Price: 36,47 €/kg
Product: Kotimaista Vihannessekoitus pakaste 250g, Unit Price: 0,65 €, Comparison Price: 2,60 €/kg
Product: Rainbow 125g Evelina maitosuklaakeksi, Unit Price: 0,75 €, Comparison Price: 6,00 €/kg
Product: Filipinos 128g Valkosuklaakeksi, Unit Price: 1,85 €, Comparison Price: 14,45 €/kg
Product: Fazer Fasupala Trio vohvelikeksi 215 g, Unit Price: 3,89 €, Comparison Price: 18,09 €/kg
Product: Fazer Fasupala Geisha vohvelikeksi 175g, Unit Price: 3,89 €, Comparison Price: 22,23 €/kg
Product: Fazer Fasupala original vohveli 400g, Unit Price: 6,25 €, Comparison Price: 15,63 €/kg
Product: Rainbow 125g Evelina tummasuklaakeksi, Unit Price: 0,75 €, Comparison Price: 6,00 €/kg
Product: Fazer Fasupala Original keksi 215g, Unit Price: 3,69 €, Comparison Price: 17,16 €/kg
Product: Maltesers® Biscuits keksi 110g, Unit Price: 2,19 €, Comparison Price: 19,91 €/kg
Product: Fazer Geisha hasselpähkinä suklaakeksi 100g, Unit Price: 3,99 €, Comparison Price: 39,90 €/kg
Product: Rainbow Evelina valkosuklaakerroskeksi 150 g, Unit Price: 1,79 €, Comparison Price: 11,93 €/kg
Product: Xtra vohvelit vanilja 175 g, Unit Price: 0,75 €, Comparison Price: 4,29 €/kg
Product: Fazer Fasupala Tuplasuklaa vohveli 215g, Unit Price: 3,89 €, Comparison Price: 18,09 €/kg
Product: Filipinos 128g Maitosuklaakeksi, Unit Price: 1,85 €, Comparison Price: 14,45 €/kg
Product: Filipinos 128g Maitosuklaakuorrutteinen maustekeksi, Unit Price: 1,85 €, Comparison Price: 14,45 €/kg
Product: Marabou Choco Moment maitosuklaa herkuttelukeksi 180g, Unit Price: 3,29 €, Comparison Price: 18,28 €/kg
Product: Filipinos 128g Suolainen kinuski Keksi valkosuklaalla, Unit Price: 1,85 €, Comparison Price: 14,45 €/kg
Product: Bergen Original Cookies 3x Choco 130g suklaahippukeksejä valko- ja maitosuklaalla sekä tummasuklaalla, Unit Price: 1,29 €, Comparison Price: 9,92 €/kg
Product: Rainbow 225g voffeli suklaa-toffee, Unit Price: 1,79 €, Comparison Price: 7,96 €/kg
Product: Fazer Fazerina suklaakeksi 142g, Unit Price: 3,69 €, Comparison Price: 25,99 €/kg
Product: Kinder Cards Vohveli maitotäytteellä ja kaakaotäytteellä 2kpl x 5, Unit Price: 2,59 €, Comparison Price: 20,23 €/kg
Product: Filipinos 128g Punaiset marjat valkosuklaakeksi, Unit Price: 1,85 €, Comparison Price: 14,45 €/kg
Product: Rainbow 225g voffeli valkosuklaa, Unit Price: 1,99 €, Comparison Price: 8,84 €/kg
Product: Fazer Fasupala Pätkis vohveli 199g, Unit Price: 3,89 €, Comparison Price: 19,55 €/kg
Product: Rainbow Suklaahoukutus täytekeksi 200 g, Unit Price: 2,49 €, Comparison Price: 12,45 €/kg
Product: Airam ketjutettava optinen palovaroitin, Unit Price: 21,95 €, Comparison Price: 
Product: Marimekko 25cm Mansikkavuoret roosa 20kpl lautasliina, Unit Price: 1,67 €, Comparison Price: 0,08 €/kpl
Product: Vaasan Kotiuunin Munkkirinkeli 8x45g pakaste, Unit Price: 1,99 €, Comparison Price: 5,53 €/kg
Product: Myllyn Paras Pyöreä Piirakkataikina suolainen 380g, Unit Price: 1,89 €, Comparison Price: 4,97 €/kg
Product: Bakerika Salted Chocolate Chip keksitaikina 210g, pakaste, Unit Price: 3,49 €, Comparison Price: 16,62 €/kg
Product: Myllyn Paras Pyöreä Piirakkataikina makea 380g pakaste, Unit Price: 1,89 €, Comparison Price: 4,97 €/kg
Product: Kotimaista 400 g piirakkataikina pakaste laktoositon, maidoton, Unit Price: 2,09 €, Comparison Price: 5,23 €/kg
Product: Fazer Pizzataikina 4kpl 600g raakapakaste, Unit Price: 2,65 €, Comparison Price: 4,42 €/kg
Product: Myllyn Paras Lehtitaikinalevyjä 500g pakaste, Unit Price: 1,59 €, Comparison Price: 3,18 €/kg
Product: Kotimaista 400 g murotaikina pakaste, laktoositon, maidoton, Unit Price: 1,89 €, Comparison Price: 4,72 €/kg
Product: Bakerika Peanut Butter Chocolate Chip keksitaikina 210g, pakaste, Unit Price: 3,49 €, Comparison Price: 16,62 €/kg
Product: Myllyn Paras Iso Lehtitaikinalevy 600g, Unit Price: 2,89 €, Comparison Price: 4,82 €/kg
Product: Myllyn Paras Pyöreä Ruis-Kaura Piirakkataikina 380g, Unit Price: 3,19 €, Comparison Price: 8,39 €/kg
Product: Myllyn Paras Pyöreä Kauramurotaikina 380 g pakaste, Unit Price: 1,99 €, Comparison Price: 5,24 €/kg
Product: Sunnuntai ruisperunataikina 400 g, Unit Price: 3,25 €, Comparison Price: 8,13 €/kg
Product: Sunnuntai piirakkataikina 400 g, Unit Price: 3,25 €, Comparison Price: 8,13 €/kg
Product: Myllyn Paras Lehtitaikina palmuöljytön 500 g pakaste, Unit Price: 2,35 €, Comparison Price: 4,70 €/kg
Product: Sunnuntai murotaikina 400 g, Unit Price: 3,25 €, Comparison Price: 8,13 €/kg
Product: Myllyn Paras Voitaikinalevyjä 500g, Unit Price: 3,29 €, Comparison Price: 6,58 €/kg
Product: Kotimaista Voitaikina 4x100g, pakaste, Unit Price: 2,69 €, Comparison Price: 6,73 €/kg
Product: Fazer Gluteeniton Piirakkataikina 350g, pakaste, Unit Price: 4,85 €, Comparison Price: 13,86 €/kg
Product: Sunnuntai isot Lehtitaikinalevyt 800 g, Unit Price: 5,29 €, Comparison Price: 6,61 €/kg
Product: Herkku Premium Edition Napolilaistyylinen pizzataikina Tipo "00" 2x300 g, pakaste, Unit Price: 4,39 €, Comparison Price: 7,32 €/kg
Product: Myllyn Paras Filotaikina 500g, Unit Price: 4,25 €, Comparison Price: 8,50 €/kg
Product: Moilas Gluten-Free, Gluteeniton Pizzapohja 2 kpl/260 g, pakaste, Unit Price: 5,45 €, Comparison Price: 20,96 €/kg
Product: Sunnuntai lehti- ja torttutaikinalevyt 500 g, Unit Price: 2,99 €, Comparison Price: 5,98 €/kg
Product: Porokylän Pizzataikina 2 kpl / 400 g gluteeniton, Unit Price: 2,89 €, Comparison Price: 7,23 €/kg
Product: Nescafé Brasero 180g pikakahvi pussi, Unit Price: 5,69 €, Comparison Price: 31,61 €/kg
Product: Valio lohkeava jogurtti 150 g mustikka laktoositon, Unit Price: 1,19 €, Comparison Price: 7,93 €/kg
Product: Sprite Zero Sugar Sitruuna-Lime virvoitusjuoma muovipullo 0,5 L, Unit Price: 2,19 €, Comparison Price: 3,98 €/l
Product: Leivon Kauralastu 250g pikkuleipä, Unit Price: 2,19 €, Comparison Price: 8,76 €/kg
Product: Xtra lautasliina 33x33 cm 100 kpl, Unit Price: 0,63 €, Comparison Price: 0,01 €/kpl
Product: WE CARE ICON. Detangling Comb varsikampa, Unit Price: 3,90 €, Comparison Price: 
Product: Santa Maria Coconut Milk Original Kookosmaito 250 ml, Unit Price: 1,79 €, Comparison Price: 7,16 €/l
Product: Bonne Persikkasose 0,5L, Unit Price: 2,02 €, Comparison Price: 4,04 €/l
Product: Sydän kynttilä 10x9x5 cm vaal.punainen, Unit Price: 0,99 €, Comparison Price: 
Product: Housegard Pebble Link langaton optinen palovaroitin  SA703 2-pack, Unit Price: 69,90 €, Comparison Price: 34,95 €/kpl
Product: Tasangon kaurahyve vadelma-valkosuklaapikkuleipä 100% kaura 300g, Unit Price: 2,44 €, Comparison Price: 8,13 €/kg
Product: Nescafé Kulta 275g pikakahvi pussi, Unit Price: 11,29 €, Comparison Price: 41,05 €/kg
Product: Rainbow 400g vadelmakääretorttu, Unit Price: 1,65 €, Comparison Price: 4,12 €/kg
Product: Rainbow unelmakääretorttu 300 g, Unit Price: 2,19 €, Comparison Price: 7,30 €/kg
Product: ROLL MAX CACAO - KÄÄRETORTTU KAAKAOKREEMITÄYTTEELLÄ, LOKÖÖRILLÄ JA SUKLAANMAKUISELLA KUORRUTTEELLA ., Unit Price: 1,99 €, Comparison Price: 6,63 €/kg
Product: Boström Kuningatartorttu 360 g, Unit Price: 3,35 €, Comparison Price: 9,31 €/kg
Product: Boström Mansikkatorttu 360 g, Unit Price: 3,35 €, Comparison Price: 9,31 €/kg
Product: Laitilan Leipä Unelmakääretorttu 500 g Laktoositon, Maidoton Perinteisesti leivottu., Unit Price: 8,59 €, Comparison Price: 17,18 €/kg
Product: Rainbow valkoinen pöytäkynttilä 8 kpl, 5x7cm, Unit Price: 6,85 €, Comparison Price: 0,86 €/kpl
Product: Raffini hiusharja Delfiini, Unit Price: 2,95 €, Comparison Price: 
Product: Makeup Revolution Superfix super hold misting spray suihke, Unit Price: 14,95 €, Comparison Price: 78,68 €/kpl
Product: Jacobs Krönung 100 g, pakastekuivattu pikakahvi lasipurkissa, Unit Price: 5,45 €, Comparison Price: 54,50 €/kg
Product: Xtra pikacappuccino juomavalmiste 250 g, Unit Price: 2,45 €, Comparison Price: 9,80 €/kg
Product: Best Friend Rubberball koiran pallolelu lajitelma, Unit Price: 5,39 €, Comparison Price: 
Product: Rainbow pöytäkynttilä vaaleanpunainen 60x100mm, Unit Price: 1,85 €, Comparison Price: 
Product: Airam Smart vesivuotohälytin, Unit Price: 39,90 €, Comparison Price: 
Product: XZ 250ml Hiuskiinne, Unit Price: 3,89 €, Comparison Price: 15,56 €/l
Product: mjuuk hairspray strong hiuskiinne 250 ml, Unit Price: 6,49 €, Comparison Price: 25,96 €/l
Product: Bolsius Rustiikkikynttilät 190/68 Cloudy White, Unit Price: 5,75 €, Comparison Price: 
Product: Benecol 6x100g persikka jogurttijuoma, Unit Price: 5,19 €, Comparison Price: 8,65 €/kg
Product: Airam Smart ovi- ja ikkuna-anturi, Unit Price: 21,90 €, Comparison Price: 
Product: Hartwall Novelle Plus Kofeiini + B 0,5 l, Unit Price: 1,45 €, Comparison Price: 2,50 €/l
Product: Tarmo palovaroitin optinen 220-240 V AC, Unit Price: 19,95 €, Comparison Price: 
Product: Coop juustokastike 300 g, Unit Price: 1,49 €, Comparison Price: 4,97 €/kg
Product: Santa Maria 250G Dip Nacho Cheese Style Juustodippi, Unit Price: 2,79 €, Comparison Price: 11,16 €/kg
Product: Coop salsakastike medium 300 g, Unit Price: 1,99 €, Comparison Price: 6,63 €/kg
Product: Santa Maria 230g Taco Sauce Medium, Unit Price: 2,19 €, Comparison Price: 9,52 €/kg
Product: Santa Maria 230G Chunky Salsa Medium, Unit Price: 2,59 €, Comparison Price: 11,26 €/kg
Product: Coop tacokastike medium 230 g, Unit Price: 0,75 €, Comparison Price: 3,26 €/kg
Product: Coop guacamole avokadokastike 300 g, Unit Price: 1,49 €, Comparison Price: 4,97 €/kg
Product: Santa Maria 350g Taco Sauce medium, Unit Price: 3,25 €, Comparison Price: 9,29 €/kg
Product: Santa Maria Salsa Dip Medium texmex-dippikastike 250 g, Unit Price: 2,49 €, Comparison Price: 9,96 €/kg
Product: Santa Maria 230G Taco Sauce Mild, Unit Price: 2,59 €, Comparison Price: 11,26 €/kg
Product: El Taco Truck Cheezy Jalapeno Sauce kastike 200ml, Unit Price: 2,79 €, Comparison Price: 13,95 €/kg
Product: got2b Glued Blasting Freeze hiuskiinne  300ml, Unit Price: 5,89 €, Comparison Price: 19,63 €/l
Product: Coop salsakastike hot 300 g, Unit Price: 1,99 €, Comparison Price: 6,63 €/kg
Product: Old El Paso 320g Cheese salsa, Unit Price: 3,35 €, Comparison Price: 10,47 €/kg
Product: Xtra salsakastike keskivahva 300 g, Unit Price: 1,15 €, Comparison Price: 3,83 €/kg
Product: Santa Maria 250G Dip Tex Mex Style, Unit Price: 3,19 €, Comparison Price: 12,76 €/kg
Product: Indian cheese dip hot 300g, Unit Price: 2,99 €, Comparison Price: 9,97 €/kg
Product: Coop salsakastike mieto 300 g, Unit Price: 1,99 €, Comparison Price: 6,63 €/kg
Product: Poppamies Texmex Taco Topping Jalapeno & Cheddar Style maustekastike 290ml, Unit Price: 3,59 €, Comparison Price: 12,38 €/kg
Product: Coop tacokastike hot 230 g, Unit Price: 0,75 €, Comparison Price: 3,26 €/kg
Product: Auran Cheddar juustokastike 120g, Unit Price: 1,99 €, Comparison Price: 16,58 €/kg
Product: Santa Maria 230G Pineapple Salsa, Unit Price: 3,49 €, Comparison Price: 15,17 €/kg
Product: Coop juustokastike nachoille 260 g, Unit Price: 2,39 €, Comparison Price: 9,19 €/kg
Product: Auran Chili-cheddar juustokastike 120g, Unit Price: 1,99 €, Comparison Price: 16,58 €/kg
Product: Santa Maria 230G Chunky Salsa Hot, Unit Price: 2,89 €, Comparison Price: 12,57 €/kg
Product: Erisan Hajusteeton Hiuskiinne Elastic 250 ml, Unit Price: 4,29 €, Comparison Price: 17,16 €/l
Product: Havi pöytäkynttilä magnolia 7x12cm 1kpl 50 h, Unit Price: 3,19 €, Comparison Price: 
Product: Nescafé Original 100g pikakahvi, Unit Price: 3,79 €, Comparison Price: 37,90 €/kg
Product: Mirka 120 x 98 x 13 mm M/F 60/100 hiomasieni, Unit Price: 1,70 €, Comparison Price: 
Product: Benecol 6x100g mansikka jogurttijuoma, Unit Price: 4,99 €, Comparison Price: 8,32 €/kg
Product: 12 x Hartwall Novelle Plus Multi B+C 0,33 l, Unit Price: 9,95 €, Comparison Price: 2,06 €/l
Product: Kantolan gluteeniton kaurakeksi 160g, Unit Price: 4,29 €, Comparison Price: 26,81 €/kg
Product: LUX-TOOLS telapakkaus 18 cm, Unit Price: 5,95 €, Comparison Price: 
Product: Raffini piikkikampa, Unit Price: 0,95 €, Comparison Price: 
Product: Castelli Gran Castelli tuoreraaste, Unit Price: 0,88 €, Comparison Price: 17,60 €/kg
Product: Havi pöytäkynttilä puuteri 7cmx15cm 1kpl 70h, Unit Price: 3,99 €, Comparison Price: 
Product: Bolsius True Scents – tuoksukynttilä lasissa – Vanilla – norsunluu – pieni, Unit Price: 2,55 €, Comparison Price: 
Product: Bolsius True Scents – tuoksukynttilä lasissa – Mango – oranssi – pieni, Unit Price: 2,55 €, Comparison Price: 
Product: Bolsius true scents tuoksukynttilä glass 50/80 peach, Unit Price: 2,55 €, Comparison Price: 
Product: Bolsius True Scents – tuoksukynttilä lasissa – Fresh Cotton – pieni, Unit Price: 2,55 €, Comparison Price: 
Product: Bolsius True Scents – tuoksukynttilä lasissa – Granaattiomena – punainen – pieni, Unit Price: 2,55 €, Comparison Price: 
Product: Havi pöytäkynttilä valkoinen 7cmx12cm 1kpl 50 h, Unit Price: 1,40 €, Comparison Price: 
Product: Bolsius tuoksukynttilät 95/95 vanilla, Unit Price: 5,95 €, Comparison Price: 
Product: Bolsius 45ml tuoksutikut mango, Unit Price: 5,45 €, Comparison Price: 121,11 €/l
Product: Bolsius tuoksukynttilät 95/95 pomegranate, Unit Price: 5,95 €, Comparison Price: 
Product: Tuoksukynttilä Nude, paloaika 30 h, Unit Price: 3,35 €, Comparison Price: 
Product: Bolsius tuoksukynttilä lasissa 50/80 lavender, Unit Price: 2,55 €, Comparison Price: 
Product: Tuoksulasikynttilä, paloaika 28 h, Unit Price: 3,99 €, Comparison Price: 
Product: Xtra sour cream & onion perunalastut 250 g, Unit Price: 1,69 €, Comparison Price: 6,76 €/kg
Product: Bolsius tuoksukynttilät 95/95 mango, Unit Price: 5,95 €, Comparison Price: 
Product: Bolsius tuoksukynttilä lasissa 50/80 magnolia, Unit Price: 2,55 €, Comparison Price: 
Product: Tuoksukynttilä Lavender Breeze, paloaika 30 h, Unit Price: 3,99 €, Comparison Price: 
Product: Lasituoksukynttilä Tropic 7.4 x 8.3 cm, Unit Price: 4,35 €, Comparison Price: 
Product: PUNOSLASI 9X9X10CM VALK. VALULLA, Unit Price: 6,45 €, Comparison Price: 
Product: Hansa Candle Venetsia lasikynttilä 45-50h Fuchsia, Unit Price: 2,35 €, Comparison Price: 
Product: Pallokuvio lasikynttilä 8,5x8,5x9,5 cm kirkas, tuoksu Vanilja, Unit Price: 5,65 €, Comparison Price: 
Product: Lasikynttilä 8,5x8,5x8,5 cm tuoksu White Tea & Ginger, Unit Price: 5,65 €, Comparison Price: 
Product: Bolsius tuoksukynttilä lasissa 95/95 lavender, Unit Price: 5,95 €, Comparison Price: 
Product: Bolsius tuoksukynttilät 95/95 magnolia, Unit Price: 5,95 €, Comparison Price: 
Product: Scented candle Cedre du Liban w/lid, Unit Price: 4,65 €, Comparison Price: 
Product: Tuoksukynttilä Freedom Breath, paloaika 30 h, Unit Price: 3,35 €, Comparison Price: 
Product: Tuoksukynttilä kannella, paloaika 30 h, Unit Price: 3,99 €, Comparison Price: 
Product: Housegard optinen palovaroitin Pebble 10v SA701, Unit Price: 19,90 €, Comparison Price: 
Product: Wella Classic Hairspray ultra strong hold 5 hiuskiinne 400 ml, Unit Price: 4,89 €, Comparison Price: 12,22 €/l
Product: Raffini hiuslenkki beige ohut 15kpl, Unit Price: 1,25 €, Comparison Price: 0,08 €/kpl
Product: Herbina 50ml Hajusteeton hiuskiinne, Unit Price: 1,95 €, Comparison Price: 39,00 €/l
Product: Jalostaja Sian- ja naudanlihavalmiste 200g, Unit Price: 2,15 €, Comparison Price: 10,75 €/kg
Product: 2x80g/2x42g Lagom Kanafile auringonkukkaöljyssä, Unit Price: 3,09 €, Comparison Price: 36,79 €/kg
Product: Jalostaja Naudanlihavalmiste 400g, Unit Price: 5,15 €, Comparison Price: 12,88 €/kg
Product: Jalostaja Naudan- ja sianlihavalmiste 400g, Unit Price: 4,45 €, Comparison Price: 11,13 €/kg
Product: Jalostaja Kermainen nakkikastike 450g, Unit Price: 2,28 €, Comparison Price: 5,02 €/kg
Product: 2x80g/2x42g Lagom Kanafile vedessä, Unit Price: 3,09 €, Comparison Price: 36,79 €/kg
Product: 2x80g Lagom Kanafile tomaattikastikkeessa, Unit Price: 3,09 €, Comparison Price: 36,79 €/kg
Product: Chef Kalle Grillattu Döner-lastu miedossa kastikkeessa 205g, Unit Price: 4,25 €, Comparison Price: 20,73 €/kg
Product: Jalostaja Stroganoff 400g, Unit Price: 5,85 €, Comparison Price: 14,62 €/kg
Product: Kala-Kallen Grillattu broilerikuutio 215 g, Unit Price: 3,89 €, Comparison Price: 18,09 €/kg
Product: Deli Deli 1350g Säilöttyjä ankankoipia, Unit Price: 22,59 €, Comparison Price: 17,65 €/kg
Product: Rougie Ankanmaksablock 75g, Unit Price: 18,45 €, Comparison Price: 246,00 €/kg
Product: Jalostaja Broileria öljyssä 200g, Unit Price: 3,65 €, Comparison Price: 18,25 €/kg
Product: Rainbow 325g keittokinkku, Unit Price: 5,05 €, Comparison Price: 15,54 €/kg
Product: Riipisen Riistaherkut Oy 400g Poronlihasäilyke, Unit Price: 9,95 €, Comparison Price: 24,87 €/kg
Product: Metsäranta Peuranlihasäilyke 400g, suomalaista valkohäntäpeuraa, Unit Price: 8,75 €, Comparison Price: 21,88 €/kg
Product: Organic Breton Country pâté 90g, Unit Price: 2,59 €, Comparison Price: 28,78 €/kg
Product: Glade Touch & Fresh 10ml fresh lemon ilmanraikastin, Unit Price: 2,99 €, Comparison Price: 299,00 €/l
Product: Batiste Blush kuivashampoo 350ml, Unit Price: 6,89 €, Comparison Price: 19,69 €/l
Product: Nescafé Brasero 100g pikakahvi, Unit Price: 3,15 €, Comparison Price: 31,50 €/kg
Product: Marimekko 33cm Unikko 60th Anniversary vihreä 20kpl lautasliina, Unit Price: 2,13 €, Comparison Price: 0,11 €/kpl
Product: 24-pack Sprite Zero Sugar Sitruuna-Lime virvoitusjuoma muovipullo 0,33 L, Unit Price: 13,39 €, Comparison Price: 1,39 €/l
Product: Bolsius RUSTIIKKI PK 80/68 MISTY PINK, Unit Price: 2,79 €, Comparison Price: 
Product: WE CARE ICON. Mini Round Brush pyöröharja, Unit Price: 5,90 €, Comparison Price: 
Product: Mysoda Vadelma Sokeriton Virvoitusjuomatiiviste 500ml, Unit Price: 4,69 €, Comparison Price: 9,38 €/l
Product: Mysoda Omena & Päärynä Sokeriton Virvoitusjuomatiiviste 500ml, Unit Price: 4,69 €, Comparison Price: 9,38 €/l
Product: Mysoda Verigreippi Sokeriton Virvoitusjuomatiiviste 500ml, Unit Price: 4,69 €, Comparison Price: 9,38 €/l
Product: Mysoda Ananas Sokeriton Virvoitusjuomatiiviste 500ml, Unit Price: 4,69 €, Comparison Price: 9,38 €/l
Product: Mysoda Vadelma Virvoitusjuomatiiviste 500ml, Unit Price: 4,69 €, Comparison Price: 9,38 €/l
Product: QAP 6Pack LemonLime, Unit Price: 12,95 €, Comparison Price: 2,16 €/kpl
Product: QAP 6Pack FruttiTutti, Unit Price: 12,95 €, Comparison Price: 2,16 €/kpl
Product: KevytOlo Koivunmahla-minttu 0,95 l kmp, Unit Price: 2,29 €, Comparison Price: 2,20 €/l
Product: Raffini taskukampa, Unit Price: 0,95 €, Comparison Price: 
Product: Pikakahvi freeze-dried 2g pussi - 50 pussia/laatikko, Unit Price: 0,20 €, Comparison Price: 100,00 €/kg
Product: Pakkasmarja 100% suomalainen mustaherukka luomu 200g, Unit Price: 1,69 €, Comparison Price: 8,45 €/kg
Product: Rainbow Greippi virvoitusjuoma 1,5l, Unit Price: 2,35 €, Comparison Price: 1,30 €/l
Product: Leivon Kauralastu marjamix  250g pikkuleipä, Unit Price: 2,25 €, Comparison Price: 9,00 €/kg
Product: Nescafé Classic 3in1 10kpl/165g erikoispikakahvi annospussi, Unit Price: 3,50 €, Comparison Price: 21,21 €/kg
Product: Apetit 1l rypsiöljy, Unit Price: 4,69 €, Comparison Price: 4,69 €/l
Product: Kulta Katriina pikakahvi RAC 100g, Unit Price: 4,30 €, Comparison Price: 43,00 €/kg
Product: Wella Wellaflex 250ml Shiny Hold Hiuskiinne, Unit Price: 4,99 €, Comparison Price: 19,96 €/l
Product: Benecol 450g maustamaton kreikkalaistyylinen jogurtti, Unit Price: 3,59 €, Comparison Price: 7,98 €/kg
Product: Kotimaista Keittojuurekset pakaste 200g, Unit Price: 0,49 €, Comparison Price: 2,45 €/kg
Product: Jalostaja Lihapullakastike 400g, Unit Price: 3,69 €, Comparison Price: 9,23 €/kg
Product: Filos riisitäytteinen viininlehtikääryle 280g, Unit Price: 3,15 €, Comparison Price: 11,25 €/kg
Product: Jemma Pulled Pork BBQ nyhtöpossua kastikkeessa 210 g, Unit Price: 3,95 €, Comparison Price: 18,81 €/kg
Product: Jemma Butter Chicken kanalastuja kastikkeessa 210 g, Unit Price: 3,95 €, Comparison Price: 18,81 €/kg
Product: Jemma Vege Gochujang kasvispyörykät kastikkeessa 230 g, Unit Price: 3,95 €, Comparison Price: 17,17 €/kg
Product: Jalostaja Lihapyörykät ruskeakastikkeessa 400g, Unit Price: 3,25 €, Comparison Price: 8,13 €/kg
Product: Paliria riisitäytteinen viininlehtikääryle 280g, Unit Price: 3,95 €, Comparison Price: 14,11 €/kg
Product: Jalostaja Chili con Härkis® 400g, Unit Price: 4,09 €, Comparison Price: 10,23 €/kg
Product: Chef Kalle Vöner-lastu miedossa kastikkeessa 207 g, Unit Price: 2,22 €, Comparison Price: 10,72 €/kg
Product: Deroni Paprika-munakoisotahna Ajvar 250 g, Unit Price: 2,99 €, Comparison Price: 11,96 €/kg
Product: Jalostaja Herkkulihapullaruskeakastike 400g, Unit Price: 4,19 €, Comparison Price: 10,48 €/kg
Product: Jalostaja Lihapyörykät kermakastikkeessa 450g, Unit Price: 4,55 €, Comparison Price: 10,11 €/kg
Product: Deroni paprika-tomaattitahna Lutenitsa 265 g, Unit Price: 2,79 €, Comparison Price: 10,53 €/kg
Product: Vida Easy Meal ateria-aines Pasta Bolognese 50 g, Unit Price: 2,29 €, Comparison Price: 45,80 €/kg
Product: Glade 5in1 300ml Romantic Vanilla Blossom ilmanraikastin, Unit Price: 3,19 €, Comparison Price: 10,63 €/l
Product: Airwick Freshmatic täyttö Soft Cotton 250ml, Unit Price: 5,49 €, Comparison Price: 21,96 €/l
Product: Porokylän O´love toffee-merisuolakeksi 150 g gluteeniton, Unit Price: 3,09 €, Comparison Price: 20,60 €/kg
Product: Batiste Original kuivashampoo 350ml, Unit Price: 6,89 €, Comparison Price: 19,69 €/l
Product: Hartwall Novelle Plus Kromi + Sinkki 1,5 l, Unit Price: 3,29 €, Comparison Price: 1,93 €/l
Product: Valio Viola® kevyt e200 g kolme pippuria tuorejuusto laktoositon, Unit Price: 1,29 €, Comparison Price: 6,45 €/kg
Product: Marimekko 33cm Mansikkavuoret roosa 20kpl lautasliina, Unit Price: 2,09 €, Comparison Price: 0,10 €/kpl
Product: Estrella Salt & Vinegar Sipsi 275g, Unit Price: 2,99 €, Comparison Price: 10,87 €/kg
Product: Rainbow Sitrus virvoitusjuoma 1,5 l kmp, Unit Price: 1,65 €, Comparison Price: 0,83 €/l
Product: Sevan Hummus Punajuuri 150g, Unit Price: 2,69 €, Comparison Price: 17,93 €/kg
Product: Sana-sol magnesiumsitraatti 300mg+B6-vitamiini appelsiininmakuinen magnesium-B6-vitamiiniporetabletti ravintolisä 12 poretablettia, Unit Price: 4,15 €, Comparison Price: 0,35 €/kpl
Product: Safemate palovaroitin optinen, sarjaankytkettävä, Unit Price: 19,90 €, Comparison Price: 
Product: Tupla Kingsize suklaapatukka 85g, Unit Price: 1,45 €, Comparison Price: 17,06 €/kg
Product: Daim Double suklaapatukka 56g, Unit Price: 0,95 €, Comparison Price: 16,67 €/kg
Product: Snickers 2pack suklaapatukka 75g, Unit Price: 0,99 €, Comparison Price: 13,20 €/kg
Product: Fazer Geisha Crunchy suklaapatukka 50g, Unit Price: 1,35 €, Comparison Price: 27,00 €/kg
Product: Makrobios sinkkisitraatti 15 mg 100 tablettia 35g, Unit Price: 4,20 €, Comparison Price: 0,04 €/kpl
Product: Karl Fazer Crunchy suklaapatukka 55g, Unit Price: 1,35 €, Comparison Price: 24,55 €/kg
Product: Tupla Maxi suklaapatukka 50g, Unit Price: 0,89 €, Comparison Price: 17,80 €/kg
Product: Fazer Dumle Crunchy Salted Caramel suklaapatukka 55g, Unit Price: 1,35 €, Comparison Price: 24,55 €/kg
Product: Tupla Double Layer White Nougat suklaapatukka 48g, Unit Price: 0,89 €, Comparison Price: 18,54 €/kg
Product: 5-pack Tupla Maxi suklaapatukka 250g, Unit Price: 3,49 €, Comparison Price: 13,96 €/kg
Product: Mars 2-pack suklaapatukka 70g, Unit Price: 0,99 €, Comparison Price: 14,14 €/kg
Product: Snickers suklaapatukka 50g, Unit Price: 0,89 €, Comparison Price: 17,80 €/kg
Product: Nestlé Lion 42g suklaakuorrutteinen vohvelipatukka, Unit Price: 0,69 €, Comparison Price: 16,43 €/kg
Product: Karl Fazer Crunchy Black Edition suklaapatukka 55g, Unit Price: 1,39 €, Comparison Price: 25,27 €/kg
Product: Mars suklaapatukka 51g, Unit Price: 0,89 €, Comparison Price: 17,45 €/kg
Product: Tupla Double Layer Banana suklaapatukka 48g, Unit Price: 0,89 €, Comparison Price: 18,54 €/kg
Product: Snickers suklaapatukka monipakkaus 5x50g, Unit Price: 2,99 €, Comparison Price: 11,96 €/kg
Product: Daim Double Strawberry  suklaapatukka 56g, Unit Price: 0,95 €, Comparison Price: 16,96 €/kg
Product: Mars suklaapatukka monipakkaus 5x45g, Unit Price: 2,99 €, Comparison Price: 13,29 €/kg
Product: Smash! salt karamell suklaapatukka 40g, Unit Price: 0,85 €, Comparison Price: 21,25 €/kg
Product: Nestlé Lion 40g vähärasvaista kaakaojauhetta sisältävä vohveli, brownien makuista täytettä, toffeeta ja vehnämuroja, kuorrutettu maitosuklaalla, Unit Price: 0,69 €, Comparison Price: 17,25 €/kg
Product: Panda Ahaa suklaapatukka 18g, Unit Price: 0,45 €, Comparison Price: 25,00 €/kg
Product: Daim 3-pack strawberry suklaapatukka 84g (3x28g), Unit Price: 1,29 €, Comparison Price: 15,36 €/kg
Product: Fazer Susu Original suklaapatukka 40g, Unit Price: 0,99 €, Comparison Price: 24,75 €/kg
Product: Marabou Japp, suklaapatukka 60g, Unit Price: 0,95 €, Comparison Price: 15,83 €/kg
Product: Rainbow lämpökynttilä 30kpl, Unit Price: 2,95 €, Comparison Price: 0,10 €/kpl
Product: Xtra lämpökynttilä 50 kpl, Unit Price: 3,35 €, Comparison Price: 0,07 €/kpl
Product: Havi Tuikku 60kpl/4h lämpökynttilä valkoinen, Unit Price: 5,25 €, Comparison Price: 0,09 €/kpl
Product: Bolsius True Scents – tuoksulämpökynttilät – Mango – oranssi – 18 kpl/pakkaus, Unit Price: 2,65 €, Comparison Price: 0,15 €/kpl
Product: Bolsius True Scents – tuoksulämpökynttilät – Vanilla – norsunluu – 18 kpl/pakkaus, Unit Price: 2,65 €, Comparison Price: 0,15 €/kpl
Product: Bolsius True Scents – tuoksulämpökynttilät – Granaattiomena – punainen – 18 kpl/pakkaus, Unit Price: 2,65 €, Comparison Price: 0,15 €/kpl
Product: Bolsius True Scents – tuoksulämpökynttilät – Fresh Cotton – 18 kpl/pakkaus, Unit Price: 2,65 €, Comparison Price: 0,15 €/kpl
Product: Havi tuikku lämpökynttilä valkoinen 100kpl 4 h, Unit Price: 9,95 €, Comparison Price: 0,10 €/kpl
Product: Bolsius tuoksulämpökynttilät pack18 magnolia, Unit Price: 2,65 €, Comparison Price: 0,15 €/kpl
Product: Lämpökynttilä kirkas kuppi 40 kpl, Unit Price: 4,45 €, Comparison Price: 0,11 €/kpl
Product: Maxi lämpökynttilä kirkas kuppi 12 kpl, Unit Price: 4,19 €, Comparison Price: 0,35 €/kpl
Product: Havi tuikku  lämpökynttilä kirkas  20kpl 4 h, Unit Price: 3,25 €, Comparison Price: 0,16 €/kpl
Product: Hansa MAXI lämpökynttilä 9h 12-pakkaus, Unit Price: 2,75 €, Comparison Price: 0,23 €/kpl
Product: Hansa muovikuppi lämpökynttilä JOUTSENM. 4 t 50kpl, Unit Price: 5,25 €, Comparison Price: 0,11 €/kpl
Product: Bolsius tuoksulämpökynttilät pack8 8hours pomegranate, Unit Price: 4,65 €, Comparison Price: 0,58 €/kpl
Product: Hope tuoksukynttilä 224g. Tuoksuna Sweet Lilac & Hyacinth. Tuoksukynttilässä käytetty sheavoita ja luonnollisia eteerisiä öljyjä., Unit Price: 7,65 €, Comparison Price: 34,15 €/kg
Product: Love tuoksukynttilä 224g. Tuoksuna Waterlily & Rose. Tuoksukynttilässä käytetty sheavoita ja luonnollisia eteerisiä öljyjä., Unit Price: 7,65 €, Comparison Price: 34,15 €/kg
Product: Bolsius tuoksulämpökynttilät pack8 8hours vanilla, Unit Price: 4,65 €, Comparison Price: 0,58 €/kpl
Product: Dream tuoksukynttilä 224g.  Tuoksuna Iris & Orange Blossom. Tuoksukynttilässä käytetty sheavoita ja luonnollisia eteerisiä öljyjä., Unit Price: 7,65 €, Comparison Price: 34,15 €/kg
Product: Kynttilä muovikupissa 6 h vihreä 9 kpl, Unit Price: 2,99 €, Comparison Price: 0,33 €/kpl
Product: Kynttilä muovikupissa 6 h lime 9 kpl, Unit Price: 2,99 €, Comparison Price: 0,33 €/kpl
Product: Kynttilä muovikupissa 6 h pinkki 9 kpl, Unit Price: 2,99 €, Comparison Price: 0,33 €/kpl
Product: Fazer Omar -munkki 12kpl 1200g, kypsäpakaste, Unit Price: 9,90 €, Comparison Price: 8,25 €/kg
Product: Mellerud jalometallin puhdistaja 0,5 l, Unit Price: 14,90 €, Comparison Price: 29,80 €/l
Product: Huonetuoksu Nude 100ml, 5 rottinki tikut, Unit Price: 5,25 €, Comparison Price: 52,50 €/l
Product: Valio mozzarella e150 g raaste, Unit Price: 2,48 €, Comparison Price: 16,53 €/kg
Product: Mirka hiomasieni K60/100, Unit Price: 1,70 €, Comparison Price: 
Product: Xtra appelsiinileivoskeksi 300 g, Unit Price: 0,93 €, Comparison Price: 3,10 €/kg
Product: Fazer Jaffa Appelsiini leivoskeksi 300g, Unit Price: 3,35 €, Comparison Price: 11,17 €/kg
Product: Rainbow 300g appelsiini leivoskeksi, Unit Price: 2,09 €, Comparison Price: 6,97 €/kg
Product: Fazer Jaffa Ässä leivoskeksi 300g, Unit Price: 3,39 €, Comparison Price: 11,30 €/kg
Product: Fazer Jaffa Vihreät kuulat leivoskeksi 300g, Unit Price: 3,39 €, Comparison Price: 11,30 €/kg
Product: Fazer Jaffa Tutti Frutti leivoskeksi 300g, Unit Price: 3,39 €, Comparison Price: 11,30 €/kg
Product: Fazer Jaffa Jim leivoskeksi 300g, Unit Price: 3,35 €, Comparison Price: 11,17 €/kg
Product: Fazer Jaffa Sitruuna leivoskeksi 300 g, Unit Price: 3,39 €, Comparison Price: 11,30 €/kg
Product: Fazer Jaffa Maitosuklaa Mansikka leivoskeksi 150g, Unit Price: 2,59 €, Comparison Price: 17,27 €/kg
Product: Fazer Jaffa Maitosuklaa Cola leivoskeksi 150 g, Unit Price: 2,59 €, Comparison Price: 17,27 €/kg
Product: Delisana Soft Cakes pehmeä leivoskeksi mansikka 135g mansikanmakuisella hyytelöllä (52%) suklaakuorrutteella., Unit Price: 1,09 €, Comparison Price: 8,07 €/kg
Product: Delisana Soft Cakes pehmeä leivoskeksi vadelma 135g, Unit Price: 1,09 €, Comparison Price: 8,07 €/kg
Product: Delisana Soft Cakes pehmeä leivoskeksi appelsiini 135g, Unit Price: 1,09 €, Comparison Price: 8,07 €/kg
Product: Delisana pehmeä leivoskeksi appelsiini 150g, Unit Price: 1,99 €, Comparison Price: 13,27 €/kg
Product: Delisana pehmeä leivoskeksi appelsiini 140g, Unit Price: 2,49 €, Comparison Price: 17,79 €/kg
Product: Kymppi perinteisesti imellytetty mämmi 700 g pakaste, Unit Price: 2,49 €, Comparison Price: 3,56 €/kg
Product: Kymppi Luomu Mämmi 550 g pakaste, ei lisättyä sokeria, Unit Price: 3,55 €, Comparison Price: 6,45 €/kg
Product: 500ml Vitamin Well Reload, sitruunan & limen makuinen, vitaminoitu hiilihapoton juoma, Unit Price: 2,69 €, Comparison Price: 4,98 €/l
Product: Kotimaista kaneliässä 400 g, Unit Price: 2,49 €, Comparison Price: 6,23 €/kg
Product: Dulcesol Kanapee 180g, Unit Price: 1,55 €, Comparison Price: 8,61 €/kg
Product: Matilde Vicenzi savoiardi keksi 200g, Unit Price: 3,39 €, Comparison Price: 16,95 €/kg
Product: Leivon Pikkuserkku-pikkuleipä 500 g, Unit Price: 2,99 €, Comparison Price: 5,98 €/kg
Product: Kotimaista sitruunaässä 400 g, Unit Price: 2,49 €, Comparison Price: 6,23 €/kg
Product: Leivon Herrasväenleipä vadelma 300g, Unit Price: 3,19 €, Comparison Price: 10,63 €/kg
Product: Hilda Mummon Rapeat kauralastut, Unit Price: 4,35 €, Comparison Price: 7,91 €/kg
Product: Vanajan Suklaaässä pikkuleipä 300g, Unit Price: 2,29 €, Comparison Price: 7,63 €/kg
Product: Tasangon suklaa pikkuleipä 300g, Unit Price: 2,99 €, Comparison Price: 9,97 €/kg
Product: Xtra pikkuleipälajitelma 400 g, Unit Price: 1,89 €, Comparison Price: 4,72 €/kg
Product: Leivon Talonpoika 300g, Unit Price: 3,15 €, Comparison Price: 10,50 €/kg
Product: Leivon Hanna-tädin pikkuleipä 500 g, Unit Price: 2,99 €, Comparison Price: 5,98 €/kg
Product: Leivon Kuningatarleipä 500g, Unit Price: 3,75 €, Comparison Price: 7,50 €/kg
Product: Leivon Amerikanserkku 320g, Unit Price: 3,15 €, Comparison Price: 9,84 €/kg
Product: Leivon Kaneliässä-pikkuleipä 500 g, Unit Price: 2,99 €, Comparison Price: 5,98 €/kg
Product: Tasangon kanelirengas kanelipikkuleipä 300g, Unit Price: 2,99 €, Comparison Price: 9,97 €/kg
Product: Leivon Suklaamuropikkuleipä 500 g, Unit Price: 2,99 €, Comparison Price: 5,98 €/kg
Product: Bonne Maman 90g Ranskalaiset Galette-voikeksit, Unit Price: 2,55 €, Comparison Price: 28,33 €/kg
Product: Tasangon sitruunapikkuleipä 300g, Unit Price: 2,99 €, Comparison Price: 9,97 €/kg
Product: Hans Freitag Favorites pikkuleipälajitelma RA 400g, Unit Price: 2,99 €, Comparison Price: 7,48 €/kg
Product: Leivon Torpparinleipä 250g pikkuleipä, Unit Price: 2,75 €, Comparison Price: 11,00 €/kg
Product: Gavottes Crêpe Dentelle maitosuklaakeksi 90g, Unit Price: 2,75 €, Comparison Price: 30,56 €/kg
Product: Rosten Gluteeniton täytetty pikkuleipä Kuningatar 140 g, Unit Price: 3,99 €, Comparison Price: 28,50 €/kpl
Product: Tasangon Hanna-tädin pikkuleipiä 300g, Unit Price: 2,69 €, Comparison Price: 8,97 €/kg
Product: Oolannin chili ranskanperunat 400g, Unit Price: 3,15 €, Comparison Price: 7,87 €/kg
Product: Findus Mikrovalmiit ranskanperunat 2x100g, pakaste, Unit Price: 2,39 €, Comparison Price: 11,95 €/kg
Product: Pakkasmarja 800g Suomalainen Kuningas Marjasekoitus, Unit Price: 9,85 €, Comparison Price: 12,31 €/kg
Product: Coop vehnätortilla 480 g 12 kpl, Unit Price: 1,59 €, Comparison Price: 3,31 €/kg
Product: Serla Silkinpehmeä nenäliina 100kpl, Unit Price: 2,69 €, Comparison Price: 0,03 €/kpl
Product: LOTUS Nessu Sensitive Nenäliina 75 kpl, Unit Price: 1,75 €, Comparison Price: 0,02 €/kpl
Product: LOTUS Nessu Aloe Vera nenäliina, Unit Price: 1,79 €, Comparison Price: 0,02 €/kpl
Product: LOTUS Nessu Nenäliina 100 kpl, Unit Price: 2,25 €, Comparison Price: 0,02 €/kpl
Product: Rainbow taskunenäliina 6 x 10 kpl, Unit Price: 1,29 €, Comparison Price: 0,02 €/kpl
Product: Xtra taskunenäliina 10 pkt, Unit Price: 1,22 €, Comparison Price: 0,01 €/kpl
Product: Serla Silkinpehmeä nenäliina 70kpl, Unit Price: 2,19 €, Comparison Price: 0,03 €/kpl
Product: LOTUS Nessu nenäliinataskupakkaus 6x10 kpl, Unit Price: 1,69 €, Comparison Price: 0,03 €/kpl
Product: Harmony kasvopaperi 150kpl, Unit Price: 1,69 €, Comparison Price: 0,01 €/kpl
Product: LOTUS Nessu Nenäliina 45 kpl, Unit Price: 1,29 €, Comparison Price: 0,03 €/kpl
Product: Xtra nenäliina 150 kpl, Unit Price: 1,65 €, Comparison Price: 0,01 €/kpl
Product: Rainbow nenäliina 100kpl, Unit Price: 1,95 €, Comparison Price: 0,02 €/kpl
Product: Grite nenäliina Blossom 4x10kpl, Unit Price: 0,79 €, Comparison Price: 0,02 €/kpl
Product: Grite nenäliina Orchidea 6x9kpl, Unit Price: 0,95 €, Comparison Price: 0,02 €/kpl
Product: Kleenex Ultra Soft nenäliina Box, Unit Price: 2,15 €, Comparison Price: 0,03 €/kpl
Product: LOTUS Nessu kasvopyyhe/nenäliina 80 kpl, Unit Price: 2,39 €, Comparison Price: 0,03 €/kpl
Product: Kleenex Everyday Nenäliina, Unit Price: 1,59 €, Comparison Price: 0,02 €/kpl
Product: Kleenex 48kpl Collection nenäliina, Unit Price: 2,09 €, Comparison Price: 0,04 €/kpl
Product: Kleenex Original, pakkauksessa 72 liinaa, Unit Price: 2,09 €, Comparison Price: 0,03 €/kpl
Product: Kleenex Ultra Soft taskunenäliina 10x7 kpl, Unit Price: 2,59 €, Comparison Price: 0,04 €/kpl
Product: Kleenex 64 kpl Paperinenäliina Balsam, Unit Price: 2,39 €, Comparison Price: 0,04 €/kpl
Product: Wella Wellaflex Hairspray Flexible Extra Strong Hold 4 hiuskiinne 75 ml, Unit Price: 2,99 €, Comparison Price: 39,87 €/l
Product: Sana-sol sinkki 15mg - C-vitamiini 1000mg appelsiininmakuinen sinkki-C-vitamiiniporetabletti ravintolisä 20 poretablettia, Unit Price: 4,19 €, Comparison Price: 0,21 €/kpl
Product: Xtra pinaatti 1 kg pakaste, Unit Price: 1,59 €, Comparison Price: 1,59 €/kg
Product: Hartwall Novelle Plus Sinkki + E 0,5 l, Unit Price: 1,99 €, Comparison Price: 3,58 €/l
Product: Tarmo häkävaroitin, Unit Price: 18,95 €, Comparison Price: 
Product: Rainbow kalsium- ja D-vitamiinivalmiste 800mg + 10µg ravintolisä 180kpl/225g, Unit Price: 4,49 €, Comparison Price: 0,02 €/kpl
Product: Cailap kampa taskukokoinen 6kpl, Unit Price: 1,80 €, Comparison Price: 0,30 €/kpl
Product: GameCraft pallopumppu Soccer Quicker, Unit Price: 4,99 €, Comparison Price: 
Product: GameCraft neulasetti pallopumppuihin 3 kpl, Unit Price: 2,95 €, Comparison Price: 
Product: Minijalkapallo koko 2, Unit Price: 6,95 €, Comparison Price: 
Product: SportMe minijalkapallo 14cm sateenkaari, Unit Price: 4,99 €, Comparison Price: 
Product: Pallopumppu, Unit Price: 11,95 €, Comparison Price: 
Product: GameCraft muovinen tuomarinpilli hihnalla, Unit Price: 2,95 €, Comparison Price: 
Product: PTX jalkapallo, koko 3, Unit Price: 11,95 €, Comparison Price: 
Product: Jalkapallo PTX Hybrid koko 3, Unit Price: 13,95 €, Comparison Price: 
Product: adidas jalkapallo Euro2024 training koko 3, Unit Price: 29,95 €, Comparison Price: 
Product: Puma Attacanto jalkapallo koko 3, Unit Price: 19,95 €, Comparison Price: 
Product: PTX jalkapallo, koko 4, Unit Price: 11,95 €, Comparison Price: 
Product: Pallopumppu double action, Unit Price: 4,99 €, Comparison Price: 
Product: Jalkapallo koko 5 ptx, Unit Price: 11,95 €, Comparison Price: 
Product: FB Striker v23, size 3, Unit Price: 24,95 €, Comparison Price: 
Product: Select tuomarinpilli ilman hernettä, Unit Price: 5,99 €, Comparison Price: 
Product: Sock tape,  säärisuojateippi 15m, Unit Price: 2,49 €, Comparison Price: 
Product: adidas jalkapallo Euro2024 league koko 5, Unit Price: 29,95 €, Comparison Price: 
Product: FB Striker v23, size 5, Unit Price: 24,95 €, Comparison Price: 
Product: FB Striker v23, size 4, Unit Price: 24,95 €, Comparison Price: 
Product: Select One Size musta säärisuojateippi 15m, Unit Price: 2,49 €, Comparison Price: 
Product: Starter maalivahdinhanska 4, Unit Price: 10,45 €, Comparison Price: 
Product: Teloon merkkikiekkosetti 40 kpl, Unit Price: 16,95 €, Comparison Price: 
Product: Jalkapallo FB Omega Pro v23, size 5, Unit Price: 59,95 €, Comparison Price: 
Product: adidas jalkapallo Euro2024 league koko 4, Unit Price: 29,95 €, Comparison Price: 
Product: Mirka Mirox kuivahiomapaperi 230x280mm, Unit Price: 0,95 €, Comparison Price: 
Product: GO ulkosivellin 75mm, Unit Price: 4,95 €, Comparison Price: 
Product: LUX-TOOLS maalikaukalo 33 cm x 34 cm, Unit Price: 3,95 €, Comparison Price: 
Product: SodaStream 7UP free -juomatiiviste 440ml, Unit Price: 5,90 €, Comparison Price: 13,41 €/l
Product: Mysoda Sitruuna-Lime Sokeriton Virvoitusjuomatiiviste 500ml, Unit Price: 4,69 €, Comparison Price: 9,38 €/l
Product: SodaStream Mountain Dew Diet -juomatiiviste 440ml, Unit Price: 5,90 €, Comparison Price: 13,41 €/l
Product: Coop Gnocchi kuviopasta 500 g, Unit Price: 1,09 €, Comparison Price: 2,18 €/kg
Product: Coop Penne Rigate pasta 500 g, Unit Price: 1,09 €, Comparison Price: 2,18 €/kg
Product: Coop Fusilli pasta 500 g, Unit Price: 1,09 €, Comparison Price: 2,18 €/kg
Product: Rummo Fusilli pasta no 48 500g, Unit Price: 2,55 €, Comparison Price: 5,10 €/kg
Product: Torino 500g täysjyvä cappellipasta, Unit Price: 2,15 €, Comparison Price: 4,30 €/kg
Product: Coop Fusilli täysjyväpasta 500 g, Unit Price: 1,59 €, Comparison Price: 3,18 €/kg
Product: Rummo täysjyvä Fusilli no48 500g, Unit Price: 2,59 €, Comparison Price: 5,18 €/kg
Product: Rummo Conchiglie Rigate pasta no 42 500g, Unit Price: 2,59 €, Comparison Price: 5,18 €/kg
Product: Coop Farfalle tricolore kuviopasta 500 g, Unit Price: 1,45 €, Comparison Price: 2,90 €/kg
Product: Xtra fusillipasta 1 kg, Unit Price: 1,69 €, Comparison Price: 1,69 €/kg
Product: Torino 500g tumma kierrepasta, Unit Price: 2,15 €, Comparison Price: 4,30 €/kg
Product: Rummo Penne rigate pasta no 66 500g, Unit Price: 2,55 €, Comparison Price: 5,10 €/kg
Product: Rainbow Fusilli maissista ja riisistä valmistettu pasta, gluteeniton 340 g, Unit Price: 1,55 €, Comparison Price: 4,56 €/kg
Product: Barilla Fusilli No98 durum wheat pasta 500g, Unit Price: 1,85 €, Comparison Price: 3,70 €/kg
Product: Filos 500g orzo jyväpasta, Unit Price: 1,39 €, Comparison Price: 2,78 €/kg
Product: Coop Fusilli Tricolori pasta 500 g, Unit Price: 1,35 €, Comparison Price: 2,70 €/kg
Product: Barilla Farfalle durumvehnästä valmistettu pasta 500g, Unit Price: 1,85 €, Comparison Price: 3,70 €/kg
Product: Barilla Penne Rigate durumvehnästä valmistettu pasta 500g, Unit Price: 1,85 €, Comparison Price: 3,70 €/kg
Product: Barilla Gnocchi durumvehnästä valmistettu pasta 500g, Unit Price: 1,85 €, Comparison Price: 3,70 €/kg
Product: Rummo Gluteeniton fusilli pasta no 48 400g, Unit Price: 3,09 €, Comparison Price: 7,73 €/kg
Product: Coop Penne Rigate täysjyväpasta 500 g, Unit Price: 1,59 €, Comparison Price: 3,18 €/kg
Product: Barilla Piccolini Mini Penne Rigate durumvehnästä valmistettu pasta 500g, Unit Price: 1,85 €, Comparison Price: 3,70 €/kg
Product: Rummo Gluteeniton penne rigate pasta no 66 400g, Unit Price: 3,09 €, Comparison Price: 7,73 €/kg
Product: Rummo Farfalle pasta 500g, Unit Price: 2,55 €, Comparison Price: 5,10 €/kg
Product: LUX-TOOLS sivellinsetti 3-osainen, Unit Price: 4,95 €, Comparison Price: 1,65 €/kpl
Product: Bonne Ananassose 0,5L, Unit Price: 3,25 €, Comparison Price: 6,50 €/l
Product: Nutrilett Rich Chocolate flavoured shake vähälaktoosinen suklaanmakuinen juoma - ateriankorvike painonhallintaan 330 ml, Unit Price: 2,25 €, Comparison Price: 6,82 €/l
Product: Danone Activia Mansikkajogurtti 4x125g, Unit Price: 1,95 €, Comparison Price: 3,90 €/kg
Product: Xtra vadelma 400 g pakaste, Unit Price: 3,39 €, Comparison Price: 8,48 €/kg
Product: Atria Ohut Paahdettu Kinkku 200g, Unit Price: 2,89 €, Comparison Price: 14,45 €/kg
Product: Schweppes Indian Tonic virvoitusjuoma muovipullo 1,5 L, Unit Price: 4,49 €, Comparison Price: 2,73 €/l
Product: Naturdiet VLCD suklaa-banaani shake 330ml, Unit Price: 2,05 €, Comparison Price: 6,21 €/l
Product: Mummon 750g ohuet tikkuperunat pakaste, Unit Price: 3,09 €, Comparison Price: 4,12 €/kg
Product: Juustoportti Hyvin jogurtti 150 g banaani laktoositon, Unit Price: 0,95 €, Comparison Price: 6,33 €/kg
Product: Kokkikartano Jauhelihakiusaus 700g, Unit Price: 6,49 €, Comparison Price: 9,27 €/kg
Product: Snellman Ohuen ohut kinkku 180g, Unit Price: 2,64 €, Comparison Price: 14,67 €/kg
Product: Diasporal appelsiininmakuinen magnesium juomajauhe 300mg ravintolisä 100g/20kpl, Unit Price: 11,95 €, Comparison Price: 0,60 €/kpl
Product: Oluttuoppi 0,5 L muovia, Unit Price: 2,50 €, Comparison Price: 
Product: Savuhovi Priima Ohuen ohut Kalkkuna filee 150g, Unit Price: 2,89 €, Comparison Price: 19,27 €/kg
Product: Puhdistamo Tripla Magnesium 120 kapselia, Unit Price: 18,95 €, Comparison Price: 0,16 €/kpl
Product: Twinings 25x2g Earl Grey tee, Unit Price: 3,39 €, Comparison Price: 67,80 €/kg
Product: Lipton  Musta tee  Yellow Label  100g 50p, Unit Price: 3,09 €, Comparison Price: 30,90 €/kg
Product: Rainbow vihreä tee 40g/20ps, Unit Price: 0,68 €, Comparison Price: 17,00 €/kg
Product: Nordqvist Teetaivas 20 x 1,75 g, Unit Price: 2,15 €, Comparison Price: 61,43 €/kg
Product: Xtra kamomillatee 20 x 1,25 g, Unit Price: 0,65 €, Comparison Price: 26,00 €/kg
Product: Nordqvist Afrikka rooibos 20 x 1,75 g, Unit Price: 3,20 €, Comparison Price: 91,43 €/kg
Product: Xtra piparminttutee 20 x 1,25 g, Unit Price: 0,75 €, Comparison Price: 30,00 €/kg
Product: Rainbow 40g Earl Grey tee 20ps UTZ, Unit Price: 0,74 €, Comparison Price: 18,50 €/kg
Product: Clipper Nighty Night. Appelsiininmakuinen luomu yrttihauduke, sisältää kamomillaa ja sitruunamelissaa 40g / 20 pussia., Unit Price: 3,59 €, Comparison Price: 89,75 €/kg
Product: Nordqvist Keisarin Morsian musta tee 20 x 1,75 g RFA, Unit Price: 2,55 €, Comparison Price: 72,86 €/kg
Product: Clipper Luomu Vihreä tee 40g / 20 pussia, Unit Price: 2,89 €, Comparison Price: 72,25 €/kg
Product: Clipper Snore & Peace. Luomu yrttihauduke, sisältää kamomillaa, sitruunamelissaa ja laventelia 30g / 20 pussia, Unit Price: 3,59 €, Comparison Price: 119,67 €/kg
Product: Twinings 50x2g Earl Grey tea, Unit Price: 6,35 €, Comparison Price: 63,50 €/kg
Product: Lipton  Musta tee Russian Earl Grey  40 GR 20p, Unit Price: 2,40 €, Comparison Price: 60,00 €/kg
Product: Twinings 25x2g earl grey kofeiiniton tee, Unit Price: 4,35 €, Comparison Price: 87,00 €/kg
Product: Clipper Luomu kamomilla yrttihauduke 30g / 20 pussia, Unit Price: 2,89 €, Comparison Price: 96,33 €/kg
Product: 20x1,75g Teekanne Inkivääri sitruuna yrttihauduke, pussitee, Unit Price: 2,70 €, Comparison Price: 77,14 €/kg
Product: Clipper Sitruunan- ja inkiväärin makuinen luomu hauduke 50g / 20 pussia, Unit Price: 3,59 €, Comparison Price: 71,80 €/kg
Product: Nordqvist Uni-Jukka 20 x 1,75 g, Unit Price: 3,55 €, Comparison Price: 101,43 €/kg
Product: Lipton 20ps Forest Fruit pyramidi musta tee, Unit Price: 2,95 €, Comparison Price: 86,76 €/kg
Product: Rainbow English Breakfast tee 40g/20ps, Unit Price: 0,79 €, Comparison Price: 19,75 €/kg
Product: Lipton  Musta tee  Yellow Label  240g 120p, Unit Price: 5,75 €, Comparison Price: 23,96 €/kg
Product: Lipton  Musta tee  Yellow Label  200g 100p, Unit Price: 4,89 €, Comparison Price: 24,45 €/kg
Product: Nordqvist Seikkailu 33g pussitee lajitelmapakkaus, Unit Price: 2,95 €, Comparison Price: 89,39 €/kg
Product: NIVEA 200ml Caring Cleansing Milk -puhdistusemulsio, Unit Price: 5,60 €, Comparison Price: 28,00 €/l
Product: Myllyn Paras Pyöreä Piirakkataikina suolainen 380g, Unit Price: 1,89 €, Comparison Price: 4,97 €/kg
Product: Bakerika Salted Chocolate Chip keksitaikina 210g, pakaste, Unit Price: 3,49 €, Comparison Price: 16,62 €/kg
Product: Myllyn Paras Pyöreä Piirakkataikina makea 380g pakaste, Unit Price: 1,89 €, Comparison Price: 4,97 €/kg
Product: Kotimaista 400 g piirakkataikina pakaste laktoositon, maidoton, Unit Price: 2,09 €, Comparison Price: 5,23 €/kg
Product: Fazer Pizzataikina 4kpl 600g raakapakaste, Unit Price: 2,65 €, Comparison Price: 4,42 €/kg
Product: Myllyn Paras Lehtitaikinalevyjä 500g pakaste, Unit Price: 1,59 €, Comparison Price: 3,18 €/kg
Product: Kotimaista 400 g murotaikina pakaste, laktoositon, maidoton, Unit Price: 1,89 €, Comparison Price: 4,72 €/kg
Product: Bakerika Peanut Butter Chocolate Chip keksitaikina 210g, pakaste, Unit Price: 3,49 €, Comparison Price: 16,62 €/kg
Product: Myllyn Paras Iso Lehtitaikinalevy 600g, Unit Price: 2,89 €, Comparison Price: 4,82 €/kg
Product: Myllyn Paras Pyöreä Ruis-Kaura Piirakkataikina 380g, Unit Price: 3,19 €, Comparison Price: 8,39 €/kg
Product: Myllyn Paras Pyöreä Kauramurotaikina 380 g pakaste, Unit Price: 1,99 €, Comparison Price: 5,24 €/kg
Product: Sunnuntai ruisperunataikina 400 g, Unit Price: 3,25 €, Comparison Price: 8,13 €/kg
Product: Sunnuntai piirakkataikina 400 g, Unit Price: 3,25 €, Comparison Price: 8,13 €/kg
Product: Myllyn Paras Lehtitaikina palmuöljytön 500 g pakaste, Unit Price: 2,35 €, Comparison Price: 4,70 €/kg
Product: Sunnuntai murotaikina 400 g, Unit Price: 3,25 €, Comparison Price: 8,13 €/kg
Product: Myllyn Paras Voitaikinalevyjä 500g, Unit Price: 3,29 €, Comparison Price: 6,58 €/kg
Product: Kotimaista Voitaikina 4x100g, pakaste, Unit Price: 2,69 €, Comparison Price: 6,73 €/kg
Product: Fazer Gluteeniton Piirakkataikina 350g, pakaste, Unit Price: 4,85 €, Comparison Price: 13,86 €/kg
Product: Sunnuntai isot Lehtitaikinalevyt 800 g, Unit Price: 5,29 €, Comparison Price: 6,61 €/kg
Product: Herkku Premium Edition Napolilaistyylinen pizzataikina Tipo "00" 2x300 g, pakaste, Unit Price: 4,39 €, Comparison Price: 7,32 €/kg
Product: Myllyn Paras Filotaikina 500g, Unit Price: 4,25 €, Comparison Price: 8,50 €/kg
Product: Moilas Gluten-Free, Gluteeniton Pizzapohja 2 kpl/260 g, pakaste, Unit Price: 5,45 €, Comparison Price: 20,96 €/kg
Product: Sunnuntai lehti- ja torttutaikinalevyt 500 g, Unit Price: 2,99 €, Comparison Price: 5,98 €/kg
Product: Porokylän Pizzataikina 2 kpl / 400 g gluteeniton, Unit Price: 2,89 €, Comparison Price: 7,23 €/kg
Product: Coop maustamaton tuorejuusto 200 g, Unit Price: 1,05 €, Comparison Price: 5,25 €/kg
Product: Naturdiet VLCD caramel cappuccino proteiinikahvi 330ml, Unit Price: 2,05 €, Comparison Price: 6,21 €/l
Product: Pingviini Suklaa jäätelötuutti monipakkaus 8x67g, Unit Price: 3,99 €, Comparison Price: 7,44 €/kg
Product: Magnum Euphoria Jäätelöpuikko​ 90ml/69g, Unit Price: 2,85 €, Comparison Price: 41,30 €/kg
Product: Tamminen naudan burgerpihvi 240g/2kpl, Unit Price: 3,99 €, Comparison Price: 16,63 €/kg
Product: Stor juomapullo Ryhmä Hau 4 dl, Unit Price: 4,95 €, Comparison Price: 
Product: Mummon rapeat lohkoperunat 400 g, pakaste, Unit Price: 1,49 €, Comparison Price: 3,72 €/kg
Product: Fazer DaCapo tumma suklaapatukka 20g, Unit Price: 0,45 €, Comparison Price: 22,50 €/kg
Product: Housegard häkävaroitin näytöllä CA107, Unit Price: 32,90 €, Comparison Price: 
Product: Bounty suklaapatukka 57g, Unit Price: 0,89 €, Comparison Price: 15,61 €/kg
Product: Laitilan Limone 0,33L limetinmakuinen limonaadi, Unit Price: 1,15 €, Comparison Price: 3,03 €/l
Product: La Crema kermajogurtti kiivi-karviainen 150 g, Unit Price: 0,79 €, Comparison Price: 5,27 €/kg
Product: VAUDE vyölaukku Little Waterboy musta, Unit Price: 19,95 €, Comparison Price: 
Product: Makeup Revolution Superfix super hold misting spray suihke, Unit Price: 14,95 €, Comparison Price: 78,68 €/kpl
Product: Lumene CC Color Correcting Pohjustusvoide 20ml, Unit Price: 14,90 €, Comparison Price: 745,00 €/l
Product: Lumene Blur Peitevoide Light 8,5ml, Unit Price: 14,90 €, Comparison Price: 1752,94 €/l
Product: Lumene Blur Pitkäkestoinen pohjustusvoide 20ml, Unit Price: 14,90 €, Comparison Price: 745,00 €/l
Product: Lumene Illuminating Valokynä 1 Original Light 1,8 ml, Unit Price: 16,90 €, Comparison Price: 
Product: Maybelline New York Fit Me Concealer 05 Ivory -peitevoide 6,8ml, Unit Price: 8,90 €, Comparison Price: 
Product: Lumene Illuminating Valokynä 2 Medium 1,8 ml, Unit Price: 16,90 €, Comparison Price: 
Product: essence CAMOUFLAGE+ MATT peitevoide 5 ml, Unit Price: 3,49 €, Comparison Price: 698,00 €/l
Product: L'Oréal Paris Infaillible 3-Second Setting Mist meikinkiinnityssuihke 75ml, Unit Price: 14,95 €, Comparison Price: 199,33 €/l
Product: Lumene Matte Oil-Control Pohjustusvoide 20 ml, Unit Price: 14,90 €, Comparison Price: 745,00 €/l
Product: essence stay ALL DAY 14h pitkäkestoinen peitevoide 7 ml, Unit Price: 3,29 €, Comparison Price: 470,00 €/l
Product: Maybelline New York Instant Anti Age Eraser 115 Warm Light peitevoide 6,8ml, Unit Price: 9,90 €, Comparison Price: 
Product: Lumene Invisible Illumination Dewy Glow Kosteuttava meikinkiinnityssuihke 100 ml, Unit Price: 19,95 €, Comparison Price: 199,50 €/l
Product: essence CAMOUFLAGE+ MATT peitevoide 5 ml, Unit Price: 3,49 €, Comparison Price: 698,00 €/l
Product: essence MAGIC FILTER glow buusteri 30, Unit Price: 4,99 €, Comparison Price: 356,43 €/l
Product: Lumene Invisible Illumination Instant Glow Heleyttävä Meikinpohjustaja SK 30 30ml, Unit Price: 30,50 €, Comparison Price: 1016,67 €/l
Product: Lumene Bright Eyes Silmämeikin pohjustusvoide 5 ml, Unit Price: 14,90 €, Comparison Price: 
Product: essence MAGIC FILTER glow buusteri 20, Unit Price: 4,99 €, Comparison Price: 356,43 €/l
Product: Maybelline New York Instant Anti Age Eraser 01 Light peitevoide 6,8ml, Unit Price: 9,90 €, Comparison Price: 
Product: essence baby got bronze bronzing stick aurinkopuuteripuikko 5,5 g, Unit Price: 3,69 €, Comparison Price: 615,00 €/kg
Product: Makeup Revolution Conceal and Define Concealer C1 Peite- ja korostussävy, Unit Price: 5,95 €, Comparison Price: 
Product: Makeup Revolution 100ml Pro Fix Amazing Makeup Fixing Spray meikinkiinnityssuihke, Unit Price: 8,95 €, Comparison Price: 
Product: MUA Make Up Academy Pro Base Fixing Spray 70 ml kiinnityssuihke, Unit Price: 5,95 €, Comparison Price: 
Product: MUA Make Up Academy Pro Base Flawless Mattifying Primer 30 ml meikinpohjustusvoide, Unit Price: 4,95 €, Comparison Price: 
Product: Prosec häkävaroitin C11-L, Unit Price: 26,90 €, Comparison Price: 
Product: Best Friend Play kissan pallolelut, lajitelma, Unit Price: 1,99 €, Comparison Price: 
Product: Kiilto WC biohajoava puhdistussuihke Valkoapila 600 ml, Unit Price: 3,15 €, Comparison Price: 5,25 €/l
Product: Pledge 500ml parketti&laminaattipesu lattianpuhdistusaine, Unit Price: 3,39 €, Comparison Price: 6,78 €/l
Product: Lumme Lattia sitruunasuopa kosteat puhdistusliinat 15kpl, Unit Price: 2,29 €, Comparison Price: 0,15 €/kpl
Product: Kiilto Laminaatti biohajoava puhdistusaine 500 ml, Unit Price: 2,69 €, Comparison Price: 5,38 €/l
Product: Rainbow parketti & laminaatti puhdistusaine 1l, Unit Price: 1,89 €, Comparison Price: 1,89 €/l
Product: Kiilto Parketti biohajoava puhdistusaine 500 ml, Unit Price: 2,69 €, Comparison Price: 5,38 €/l
Product: Kiilto Kivi ja Laatta Biohajoava Puhdistusaine 500ml, Unit Price: 2,59 €, Comparison Price: 5,18 €/l
Product: Tolu 1,25L Laminaatti-Parkettipuhdistusaine laminaatti ja parkettipinnoille, Unit Price: 4,39 €, Comparison Price: 3,51 €/l
Product: method Lattianpesuaine Wild Rhubarb 739ml, Unit Price: 5,99 €, Comparison Price: 8,11 €/l
Product: Method Lattianpesuaine puulattialle Manteli 739ml, Unit Price: 5,99 €, Comparison Price: 8,11 €/l
Product: Method Lattianpesuaine Sitruuna-inkivääri 739ml, Unit Price: 5,99 €, Comparison Price: 8,11 €/l
Product: Mellerud parketti ja korkki puhdistus- ja hoitoaine 1,0 l, Unit Price: 10,90 €, Comparison Price: 10,90 €/l
Product: Mellerud Parketti ja korkki Suoja-aine 1,0 l, Unit Price: 19,90 €, Comparison Price: 19,90 €/l
Product: Soledo saumasuojasuihke aerosoli 400 ml, Unit Price: 22,90 €, Comparison Price: 57,25 €/l
Product: Mirka Mirox kuivahiomapaperi K120 230x280mm, Unit Price: 0,95 €, Comparison Price: 
Product: La Crema kermajogurtti mandariini-hunaja 150 g, Unit Price: 0,79 €, Comparison Price: 5,27 €/kg
Product: La Crema kermajogurtti karhunvatukka 150 g, Unit Price: 0,79 €, Comparison Price: 5,27 €/kg
Product: Valio hedelmäinen jogurtti 150 g vadelma laktoositon, Unit Price: 1,24 €, Comparison Price: 8,27 €/kg
Product: La Crema kermajogurtti mansikka 150 g, Unit Price: 0,79 €, Comparison Price: 5,27 €/kg
Product: Valio hedelmäinen jogurtti 150 g ananas laktoositon, Unit Price: 1,24 €, Comparison Price: 8,27 €/kg
Product: Maitokolmio FIT Kerrosjogurttirahka mansikka 150 g laktoositon, Unit Price: 0,89 €, Comparison Price: 5,93 €/kg
Product: Valio Herkku kermainen jogurtti 380 g crème brûlée laktoositon, Unit Price: 2,15 €, Comparison Price: 5,66 €/kg
Product: Coop sitruuna-kermajogurtti laktoositon 400 g, Unit Price: 1,89 €, Comparison Price: 4,72 €/kg
Product: Maitokolmio FIT Kerrosjogurttirahka mustikka 150 g laktoositon, Unit Price: 0,89 €, Comparison Price: 5,93 €/kg
Product: Pure Snack Peach-Passion 175g, Unit Price: 0,99 €, Comparison Price: 5,66 €/kg
Product: Maitokolmio FIT Kerrosjogurttirahka mango 150 g laktoositon, Unit Price: 0,89 €, Comparison Price: 5,93 €/kg
Product: Juustoportti Hyvin jogurtti 1 kg ananas laktoositon, Unit Price: 2,99 €, Comparison Price: 2,99 €/kg
Product: Rainbow Karamelli-kermajogurtti 400 g, Unit Price: 1,89 €, Comparison Price: 4,72 €/kg
Product: Rainbow Uuniomena-kermajogurtti 400 g, Unit Price: 1,89 €, Comparison Price: 4,72 €/kg
Product: Rainbow 200 g sipuli ja punainen paprika tuorejuusto, Unit Price: 0,95 €, Comparison Price: 4,75 €/kg
Product: Batiste Blush kuivashampoo 200ml, Unit Price: 3,99 €, Comparison Price: 19,95 €/l
Product: Luminarc kuohuviinilasi Reims 14,5 cl 6-pack, Unit Price: 5,90 €, Comparison Price: 0,98 €/kpl
Product: 12 x Hartwall Novelle Plus Sinkki + E 0,33 l, Unit Price: 9,95 €, Comparison Price: 2,06 €/l
Product: Mirka Mirox kuivahiomapaperi K150 230x280mm, Unit Price: 0,50 €, Comparison Price: 
Product: Nutrilett Tasty Tropical Smoothie vähälaktoosinen Trooppinen smoothie - ateriankorvike painonhallintaan 330 ml, Unit Price: 2,25 €, Comparison Price: 6,82 €/l
Product: JESSE Aioli-majo 175ml, Unit Price: 1,95 €, Comparison Price: 11,14 €/l
Product: Apetit Parsakaalia pakaste 200g, Unit Price: 1,00 €, Comparison Price: 5,00 €/kg
Product: Royal Täyteläinen Maitosuklaa suklaapatukka 45g, Unit Price: 1,05 €, Comparison Price: 23,33 €/kg
Product: Rainbow 200g Milkkispatukat 16kpl, Unit Price: 0,99 €, Comparison Price: 4,95 €/kg
Product: Fazer Fazermint tumma minttusuklaapatukka 41g, Unit Price: 0,99 €, Comparison Price: 24,15 €/kg
Product: Rainbow vadelma B + C-vitamiini hiilihapotettu juoma 1,5l, Unit Price: 1,99 €, Comparison Price: 1,06 €/l
Product: Rainbow vadelma B + C-vitamiini hiilihapotettu juoma 0,5l, Unit Price: 1,05 €, Comparison Price: 1,70 €/l
Product: Kinder Maxi maitosuklaata maitoisalla täytteellä 210g (10kpl), Unit Price: 2,99 €, Comparison Price: 14,24 €/kg
Product: LV 100ml Hiuskiinne, extra strong, Unit Price: 2,89 €, Comparison Price: 28,90 €/l
Product: Mirka Mirox kuivahiomapaperi K180 230x280mm, Unit Price: 0,95 €, Comparison Price: 
Product: A.Vogel Fluid Balance 60 tablettia kultapiisku-koivunlehtiuutetabletti, Unit Price: 14,90 €, Comparison Price: 0,25 €/kpl
Product: Apetit Pikkuporkkanat pakaste 200g, Unit Price: 1,19 €, Comparison Price: 5,95 €/kg
Product: Jesse Kurkkumajo 175ml, Unit Price: 1,90 €, Comparison Price: 10,86 €/l
Product: Gelia jatkojohto 3-os maadoitettu 3m kytkin valkoinen, Unit Price: 7,50 €, Comparison Price: 
Product: Gelia jatkojohto 3-os maadoitettu 1m kytkin valkoinen, Unit Price: 5,95 €, Comparison Price: 
Product: Gelia jatkojohto 3-os maadoitettu 3m 3g1.5 valkoinen, Unit Price: 6,95 €, Comparison Price: 
Product: Gelia jatkojohto 6-os maadoitettu 1m kytkin musta, Unit Price: 6,95 €, Comparison Price: 
Product: Gelia jatkojohto 5-os maadoitettu 5m kytkin valkoinen, Unit Price: 11,50 €, Comparison Price: 
Product: Gelia jatkojohto 2+2 popup 2m 2xsuko+2xUSB A+C  60mm silver/musta, Unit Price: 37,90 €, Comparison Price: 
Product: Gelia jatkojohto 3-os maadoitettu 1m 3g1.5 valkoinen, Unit Price: 4,50 €, Comparison Price: 
Product: Gelia jatkojohto europa 4m valkoinen, Unit Price: 5,95 €, Comparison Price: 
Product: Gelia jatkojohto 6-os maadoitettu 3m kytkin valkoinen, Unit Price: 8,95 €, Comparison Price: 
Product: Gelia jatkojohto 3+4 kombi 1m 3xsuko+4xeuro kytkin valkoinen, Unit Price: 7,95 €, Comparison Price: 
Product: Gelia jatkojohto 5-os maadoitettu 1m kytkin valkoinen, Unit Price: 6,50 €, Comparison Price: 
Product: Gelia jatkojohto 6m maadoitettu valkoinen, Unit Price: 10,95 €, Comparison Price: 
Product: Gelia jatkojohto 3-os maadoitettu 0.25m 3g1.5 valkoinen, Unit Price: 3,95 €, Comparison Price: 
Product: Gelia jatkojohto 3-os maadoitettu 5m 3g1.5 valkoinen, Unit Price: 9,95 €, Comparison Price: 
Product: Gelia jatkojohto 5-os maadoitettu 1m 3g1.5 valkoinen, Unit Price: 5,95 €, Comparison Price: 
Product: Gelia jatkojohto 6-os maadoitettu 1m kytkin valkoinen, Unit Price: 6,95 €, Comparison Price: 
Product: Gelia jatkojohto 3m maadoitettu valkoinen, Unit Price: 6,95 €, Comparison Price: 
Product: Gelia jatkojohto 3m maadoitettu musta, Unit Price: 6,95 €, Comparison Price: 
Product: Gelia jatkojohto 6+2 kombi 3m 6xsuko+2xUSB-A kytkin valkoinen, Unit Price: 19,95 €, Comparison Price: 
Product: Gelia jatkojohto europa 2m musta, Unit Price: 4,70 €, Comparison Price: 
Product: Gelia jatkojohto H05RR-F 1-osainen 5m 3x1,5 IP44 punainen, Unit Price: 11,80 €, Comparison Price: 
Product: Gelia jatkojohto 2+1+1 kombi pure push 2m 2xsuko+1xUSB-A+1xUSB-C valkoinen, Unit Price: 34,20 €, Comparison Price: 
Product: Airam 3-osainen jatkojohto kytkimellä 1,5m, pinkki, Unit Price: 8,60 €, Comparison Price: 
Product: Gelia jatkojohto 3m maadoittamaton valkoinen, Unit Price: 5,95 €, Comparison Price: 
Product: Apetit Kukkakaalia pakaste 250g, Unit Price: 1,39 €, Comparison Price: 5,56 €/kg
Product: Mummon lankkuperunat 450 g, pakaste, Unit Price: 1,90 €, Comparison Price: 4,22 €/kg
Product: Oolannin lohkoperunat 750g, Unit Price: 3,69 €, Comparison Price: 4,92 €/kg
Product: Kotimaista luomukananmunat M6 348 g, Unit Price: 2,09 €, Comparison Price: 6,01 €/kg
Product: Kultamuna luomu kananmuna M/L10 630g, Unit Price: 4,49 €, Comparison Price: 7,13 €/kg
Product: Kuorttisen Luomukanala luomu kananmuna m/l, Unit Price: 0,44 €, Comparison Price: 7,25 €/kg
Product: Laitilan Kanatarha Isoja luomukananmunia L15 1020g, Unit Price: 6,59 €, Comparison Price: 6,46 €/kg
Product: Kultamuna luomu kananmuna S/M6 318g, Unit Price: 2,49 €, Comparison Price: 7,83 €/kg
Product: Loimaan yhteispakkaamo Luomukananmuna L8 544g, Unit Price: 3,85 €, Comparison Price: 7,08 €/kg
Product: Satamunan ruskeita luomumunia M6 348g, Unit Price: 3,15 €, Comparison Price: 9,05 €/kg
Product: Laitilan Kanatarha Isoja luomukananmunia L6 408g, Unit Price: 3,85 €, Comparison Price: 9,44 €/kg
Product: Castelli Parmigiano Reggiano luomu, Unit Price: 6,75 €, Comparison Price: 33,75 €/kg
Product: Pecorino Romano 150g, Unit Price: 4,85 €, Comparison Price: 32,33 €/kg
Product: Rainbow Valkosipuli & yrtit tuorejuusto laktoositon 200 g, Unit Price: 0,95 €, Comparison Price: 4,75 €/kg
Product: Cif Cream Lemon Puhdistusaine Tehokas puhdistus 500 ml, Unit Price: 1,99 €, Comparison Price: 3,98 €/l
Product: Pingviini Kuningatar Laktoositon jäätelötuutti monipakkaus 8x67g, Unit Price: 5,15 €, Comparison Price: 9,61 €/kg
Product: Magnesia 375 pureskeltava magnesiumtabletti 140 tabl, Unit Price: 6,59 €, Comparison Price: 0,05 €/kpl
Product: Coop kuorrutetut lohkoperunat valkosipuli 450 g pakaste, Unit Price: 1,55 €, Comparison Price: 3,44 €/kg
Product: Valio Viola® kevyt e200 g kylmäsavulohi tuorejuusto laktoositon, Unit Price: 1,59 €, Comparison Price: 7,95 €/kg
Product: Rainbow 480g lumimiehen mehujäät 12kpl, Unit Price: 2,49 €, Comparison Price: 5,19 €/kg
Product: Garnier Skin Active Micellar Oil öljyjä sisältävä puhdistusvesi 400ml, Unit Price: 5,95 €, Comparison Price: 14,88 €/l
Product: Valio PROfeel® maustettu raejuusto 170 g uuniomena laktoositon, Unit Price: 1,45 €, Comparison Price: 8,53 €/kg
Product: Valio Viola® e200 g vanilja tuorejuusto laktoositon, Unit Price: 1,29 €, Comparison Price: 6,45 €/kg
Product: Valio Viola® kevyt e200 g maustamaton tuorejuusto laktoositon, Unit Price: 1,29 €, Comparison Price: 6,45 €/kg
Product: Nestlé Kit Kat Chunky 40g suklaakuorrutteinen vohvelipatukka, Unit Price: 0,75 €, Comparison Price: 18,75 €/kg
Product: Xtra mansikka 500 g pakaste, Unit Price: 1,43 €, Comparison Price: 2,86 €/kg
Product: NIVEA 150ml Refreshing Wash Gel -puhdistusgeeli, Unit Price: 5,19 €, Comparison Price: 34,60 €/l
Product: Kotimaista vähälaktoosinen raejuusto 2%  400g, Unit Price: 2,55 €, Comparison Price: 6,37 €/kg
Product: Coop juustokastike 300 g, Unit Price: 1,49 €, Comparison Price: 4,97 €/kg
Product: Santa Maria 250G Dip Nacho Cheese Style Juustodippi, Unit Price: 2,79 €, Comparison Price: 11,16 €/kg
Product: Coop salsakastike medium 300 g, Unit Price: 1,99 €, Comparison Price: 6,63 €/kg
Product: Santa Maria 230g Taco Sauce Medium, Unit Price: 2,19 €, Comparison Price: 9,52 €/kg
Product: Santa Maria 230G Chunky Salsa Medium, Unit Price: 2,59 €, Comparison Price: 11,26 €/kg
Product: Coop tacokastike medium 230 g, Unit Price: 0,75 €, Comparison Price: 3,26 €/kg
Product: Coop guacamole avokadokastike 300 g, Unit Price: 1,49 €, Comparison Price: 4,97 €/kg
Product: Santa Maria 350g Taco Sauce medium, Unit Price: 3,25 €, Comparison Price: 9,29 €/kg
Product: Santa Maria Salsa Dip Medium texmex-dippikastike 250 g, Unit Price: 2,49 €, Comparison Price: 9,96 €/kg
Product: Santa Maria 230G Taco Sauce Mild, Unit Price: 2,59 €, Comparison Price: 11,26 €/kg
Product: El Taco Truck Cheezy Jalapeno Sauce kastike 200ml, Unit Price: 2,79 €, Comparison Price: 13,95 €/kg
Product: Coop salsakastike hot 300 g, Unit Price: 1,99 €, Comparison Price: 6,63 €/kg
Product: Old El Paso 320g Cheese salsa, Unit Price: 3,35 €, Comparison Price: 10,47 €/kg
Product: Xtra salsakastike keskivahva 300 g, Unit Price: 1,15 €, Comparison Price: 3,83 €/kg
Product: L'Oréal Paris Studio Line Mineral&Control Invisi CleanGel ultravoimakas muotoilugeeli, 8/10 150ml, Unit Price: 4,49 €, Comparison Price: 29,93 €/l
Product: Schwarzkopf Taft Power hiusvaha 75 ml, Unit Price: 3,99 €, Comparison Price: 53,20 €/l
Product: Wella Shockwaves 75ml Messy Hiusvaha, Unit Price: 4,79 €, Comparison Price: 63,87 €/l
Product: OSiS+ 85ml Flexwax erittäin voimakas mattavaha, Unit Price: 9,49 €, Comparison Price: 111,65 €/l
Product: got2b Glued Water Resistant Spiking Glue hiusgeeli 150ml, Unit Price: 5,89 €, Comparison Price: 39,27 €/l
Product: Rainbow muotoilugeeli 150 ml, Unit Price: 1,99 €, Comparison Price: 13,27 €/l
Product: Schwarzkopf Professional OSiS+ Dust It hiuspuuteri 10g, Unit Price: 9,49 €, Comparison Price: 949,00 €/kg
Product: got2b Glued spiking Muotoiluvaha 75ml, Unit Price: 5,89 €, Comparison Price: 78,53 €/l
Product: Schwarzkopf Taft Power hiusgeeli 150 ml, Unit Price: 3,99 €, Comparison Price: 26,60 €/l
Product: got2b Glued 4 Brows & Edges muotoilugeeli 16ml, Unit Price: 5,79 €, Comparison Price: 361,88 €/l
Product: Schwarzkopf Taft Irresistible Power Grooming Cream muotoiluvoide 100 ml, Unit Price: 3,99 €, Comparison Price: 39,90 €/l
Product: Carrefour Soft Wet Effect hiusgeeli 150 ml, Unit Price: 1,79 €, Comparison Price: 11,93 €/l
Product: got2b Beach Matt hiusvaha 100 ml, Unit Price: 5,89 €, Comparison Price: 58,90 €/l
Product: L'Oréal Paris Studio Line Remix Fiber Paste muotoilutahna, 7/10 150ml, Unit Price: 4,49 €, Comparison Price: 29,93 €/l
Product: OSiS+ Mess Up 100ml mattavaha, Unit Price: 9,49 €, Comparison Price: 94,90 €/l
Product: Schwarzkopf Taft Extreme Freezing geeli 300 ml, Unit Price: 3,99 €, Comparison Price: 13,30 €/l
Product: Wella Shockwaves 200ml Rock & Hold geeli, Unit Price: 4,79 €, Comparison Price: 23,95 €/l
Product: L'Oréal Paris Studio Line Matt & Messy Paste Matta ultravoimakas muotoilutahna, 8/10 150ml, Unit Price: 4,49 €, Comparison Price: 29,93 €/l
Product: got2b Glued 4 Brows & Edges Waterproof muotoilugeeli 16ml, Unit Price: 5,79 €, Comparison Price: 361,88 €/l
Product: Rainbow miesten muotoilugeeli 150 ml, Unit Price: 2,79 €, Comparison Price: 18,60 €/l
Product: Schwarzkopf Taft Ultra hiusgeeli 150 ml, Unit Price: 3,99 €, Comparison Price: 26,60 €/l
Product: XZ Hiusgeeli 150ml, Unit Price: 4,15 €, Comparison Price: 27,67 €/l
Product: got2b Farewell Flyaways muotoilugeeli 16ml, Unit Price: 5,79 €, Comparison Price: 361,88 €/l
Product: L'Oréal Paris Studio Line Matt & Messy Sponge Matta muotoilutahna, 4/10 150ml, Unit Price: 4,49 €, Comparison Price: 29,93 €/l
Product: Valio PROfeel® proteiinimousse 150 g suklaa laktoositon, Unit Price: 1,29 €, Comparison Price: 8,60 €/kg
Product: Oolannin uunirapeat ranskanperunat 500g, Unit Price: 1,80 €, Comparison Price: 3,60 €/kg
Product: Mummon poimutetut ranskanperunat 450 g, pakaste, Unit Price: 1,19 €, Comparison Price: 2,64 €/kg
Product: Xtra poimutetut ranskanperunat pakaste 1 kg, Unit Price: 1,39 €, Comparison Price: 1,39 €/kg
Product: Mummon poimutetut ranskanperunat 750 g, pakaste, Unit Price: 2,30 €, Comparison Price: 3,07 €/kg
Product: Oolannin uunirapeat sileät ranskanperunat 1kg, Unit Price: 3,45 €, Comparison Price: 3,45 €/kg
Product: Coop Crispy Longs pitkät ranskanperunat 750 g pakaste, Unit Price: 2,00 €, Comparison Price: 2,67 €/kg
Product: Coop poimutetut ranskanperunat 500 g pakaste, Unit Price: 1,25 €, Comparison Price: 2,50 €/kg
Product: Coop maustetut bataattiranskalaiset 450 g pakaste, Unit Price: 2,70 €, Comparison Price: 6,00 €/kg
Product: Aviko Sweet Potato Fries 450g, Unit Price: 3,90 €, Comparison Price: 8,67 €/kg
Product: Coop kuorrutetut lohkoperunat valkosipuli 450 g pakaste, Unit Price: 1,55 €, Comparison Price: 3,44 €/kg
Product: McCain Golden longs 6mm, Unit Price: 2,79 €, Comparison Price: 3,72 €/kg
Product: Oolannin tikkuperunat 400g, Unit Price: 2,95 €, Comparison Price: 7,38 €/kg
Product: Mummon 750g ohuet tikkuperunat pakaste, Unit Price: 3,09 €, Comparison Price: 4,12 €/kg
Product: Mummon 750g rapeat kuorelliset maalaisranskanperunat pakaste, Unit Price: 3,15 €, Comparison Price: 4,20 €/kg
Product: Findus Mikrovalmiit ranskanperunat 2x100g, pakaste, Unit Price: 2,39 €, Comparison Price: 11,95 €/kg
Product: Oolannin kuorelliset maalaisperunat 600g, Unit Price: 2,99 €, Comparison Price: 4,98 €/kg
Product: Rainbow kuorelliset lohkoperunat 1kg pakaste, gluteeniton, Unit Price: 3,99 €, Comparison Price: 3,99 €/kg
Product: Coop lankkuperunat 750 g pakaste, Unit Price: 2,70 €, Comparison Price: 3,60 €/kg
Product: Oolannin chili ranskanperunat 400g, Unit Price: 3,15 €, Comparison Price: 7,87 €/kg
Product: Oolannin mikrovalmiit ranskanperunat 400g, Unit Price: 3,05 €, Comparison Price: 7,62 €/kg
Product: Kotimaista rosmariini-oliiviöljy lohkoperuna 450 g, Pakaste, Unit Price: 1,85 €, Comparison Price: 4,11 €/kg
Product: Mummon rapeat lohkoperunat 400 g, pakaste, Unit Price: 1,49 €, Comparison Price: 3,72 €/kg
Product: Oolannin lohkoperunat 750g, Unit Price: 3,69 €, Comparison Price: 4,92 €/kg
Product: Mummon lankkuperunat 450 g, pakaste, Unit Price: 1,90 €, Comparison Price: 4,22 €/kg
Product: Ben & Jerry's Half Baked Jäätelö 465ml/406g, Unit Price: 3,99 €, Comparison Price: 8,58 €/l
Product: KitKat Dark 41,5g vohvelipatukka, Unit Price: 0,50 €, Comparison Price: 11,90 €/kg
Product: Rainbow vegaaninen keksipatukka luomu 25g, Unit Price: 0,95 €, Comparison Price: 38,00 €/kg
Product: Valiojogurtti® 1 kg Japani laktoositon, Unit Price: 1,99 €, Comparison Price: 1,99 €/kg
Product: Vanajan Kaurakeksi 350g, Unit Price: 2,39 €, Comparison Price: 6,83 €/kg
Product: Kantolan Kaurakeksi 300g, Unit Price: 2,29 €, Comparison Price: 7,63 €/kg
Product: Leivon Kauralastu 250g pikkuleipä, Unit Price: 2,19 €, Comparison Price: 8,76 €/kg
Product: Rainbow maitosuklaa-kaurakeksi 300g, Unit Price: 1,59 €, Comparison Price: 5,30 €/kg
Product: Fazer Jyväshyvä Kaurakeksi 100% kauraa 350g, Unit Price: 3,09 €, Comparison Price: 8,83 €/kg
Product: Vanajan Suklaakaurakeksi 300 g, Unit Price: 2,59 €, Comparison Price: 8,63 €/kg
Product: Leivon Kauralastu suklainen 300g, Unit Price: 3,05 €, Comparison Price: 10,17 €/kg
Product: Gullón Kaura-appelsiini 180g Gluteeniton, Unit Price: 1,89 €, Comparison Price: 10,50 €/kg
Product: Hilda Mummon Rapeat kauralastut, Unit Price: 4,35 €, Comparison Price: 7,91 €/kg
Product: Tasangon kaurahyve tuplasuklaapikkuleipä 100% kaura 300g, Unit Price: 2,69 €, Comparison Price: 8,97 €/kg
Product: Gullón Chip choco 130g Gluteeniton, Unit Price: 1,85 €, Comparison Price: 14,23 €/kg
Product: Kantolan Kaurakeksi suklaakeksi 200g, Unit Price: 2,35 €, Comparison Price: 11,75 €/kg
Product: Fazer Korvapuustikeksi 270g, Unit Price: 2,49 €, Comparison Price: 9,22 €/kg
Product: Kantolan gluteeniton kaurakeksi 160g, Unit Price: 4,29 €, Comparison Price: 26,81 €/kg
Product: Fazer Jyväshyvä kaneli kardemumma keksi 320g, Unit Price: 3,09 €, Comparison Price: 9,66 €/kg
Product: Tasangon kaurahyve omena-kanelipikkuleipä 100% kaura 300g, Unit Price: 2,69 €, Comparison Price: 8,97 €/kg
Product: Semper Gluteeniton Kaurakeksi, Unit Price: 3,49 €, Comparison Price: 23,27 €/kg
Product: Tasangon kaurahyve vadelma-valkosuklaapikkuleipä 100% kaura 300g, Unit Price: 2,85 €, Comparison Price: 9,50 €/kg
Product: Leivon Kauralastu marjamix  250g pikkuleipä, Unit Price: 2,25 €, Comparison Price: 9,00 €/kg
Product: Kantolan gluteeniton kaurakeksi suklaa 150g, Unit Price: 4,15 €, Comparison Price: 27,67 €/kg
Product: Gullón Kaurakeksi 410g Ei lisättyä sokeria, Unit Price: 2,49 €, Comparison Price: 6,07 €/kg
Product: Gille sokeriton appelsiinikeksi 160g appelsiinin makuinen keksi, Unit Price: 2,39 €, Comparison Price: 14,94 €/kg
Product: Porokylän O´love Kauramustikkakeksi 160 g gluteeniton, Unit Price: 3,09 €, Comparison Price: 19,31 €/kg
Product: Porokylän O´love toffee-merisuolakeksi 150 g gluteeniton, Unit Price: 3,09 €, Comparison Price: 20,60 €/kg
Product: Jukolan Aito Cheddar Vintage 160 g, Unit Price: 6,25 €, Comparison Price: 39,06 €/kg
Product: Castelli ricotta 250g, Unit Price: 2,69 €, Comparison Price: 10,76 €/kg
Product: Crème Bonjour 200g Valkosipuli tuorejuusto laktoositon, Unit Price: 2,25 €, Comparison Price: 11,25 €/kg
Product: Lumene HELLÄ Kosteuttava puhdistusvaahto 150 ml, Unit Price: 8,85 €, Comparison Price: 59,00 €/l
Product: Stor juomapullo Spiderman 6,2 dl, Unit Price: 12,50 €, Comparison Price: 
Product: essence CAMOUFLAGE+ MATT peitevoide 5 ml, Unit Price: 3,49 €, Comparison Price: 698,00 €/l
Product: Asmara Herkkushop - Baklava-rasia - 4x55g, Unit Price: 5,95 €, Comparison Price: 49,58 €/kg
Product: HK Kebabpuikko 250g, Unit Price: 3,49 €, Comparison Price: 13,96 €/kg
Product: Rainbow kuorelliset lohkoperunat 1kg pakaste, gluteeniton, Unit Price: 3,99 €, Comparison Price: 3,99 €/kg
Product: Rainbow 300g mansikkamarmeladi, Unit Price: 1,99 €, Comparison Price: 6,63 €/l
Product: Saarioinen Mansikkamarmeladi 230g, Unit Price: 2,19 €, Comparison Price: 9,52 €/kg
Product: 6x Nestlé NAN PRO 1 Äidinmaidonkorvike 200ml, Unit Price: 4,74 €, Comparison Price: 3,95 €/l
Product: Method Puhdistussuihke teräs 354ml, Unit Price: 6,69 €, Comparison Price: 18,90 €/l
Product: Mummon 750g rapeat kuorelliset maalaisranskanperunat pakaste, Unit Price: 3,15 €, Comparison Price: 4,20 €/kg
Product: Nestlé NAN PRO 1 Äidinmaidonkorvike 500ml, Unit Price: 1,75 €, Comparison Price: 3,50 €/l
Product: essence CAMOUFLAGE+ MATT peitevoide 5 ml, Unit Price: 3,49 €, Comparison Price: 698,00 €/l
Product: mjuuk heat protection lampösuojasuihke 250 ml, Unit Price: 6,49 €, Comparison Price: 25,96 €/l
Product: Biozell Professional Tuuheuttava suolasuihke 150ml, Unit Price: 6,59 €, Comparison Price: 43,93 €/l
Product: mjuuk volume mousse volyymivaahto 250 ml, Unit Price: 6,49 €, Comparison Price: 25,96 €/l
Product: Valio Tuuti® 1 maitopohjainen äidinmaidonkorvike 1 l UHT, Unit Price: 2,59 €, Comparison Price: 2,59 €/l
Product: mjuuk volume mousse volyymivaahto 50 ml, Unit Price: 3,49 €, Comparison Price: 69,80 €/l
Product: Revuele Tuuheuttava merisuola hiusspray 200ml, Unit Price: 2,99 €, Comparison Price: 14,95 €/l
Product: mjuuk dry texture spray rakennesuihke 250 ml, Unit Price: 6,49 €, Comparison Price: 25,96 €/l
Product: Wella Wellaflex Mousse Flexible Extra Strong Hold 4 muotovaahto 200 ml, Unit Price: 3,99 €, Comparison Price: 19,95 €/l
Product: Schwarzkopf Professional OSiS+ Dust It hiuspuuteri 10g, Unit Price: 9,49 €, Comparison Price: 949,00 €/kg
Product: Ziaja antioxidant merisuolasuihke hiusten muotoiluun 90ml, Unit Price: 4,19 €, Comparison Price: 46,56 €/l
Product: L'Oréal Paris Studio Line Go Create Ultra-Precise Spray ultravoimakas muotoilusuihke, 8/10 150ml, Unit Price: 4,49 €, Comparison Price: 29,93 €/l
Product: OSIS+ Grip Voimakas muotovaahto 200ml, Unit Price: 9,49 €, Comparison Price: 47,45 €/l
Product: Biozell Professional Keratiini Lämpö- ja muotoilusuihke 150ml, Unit Price: 6,79 €, Comparison Price: 45,27 €/l
Product: got2b Powderful Volumizing Styling Powder hiuspuuteri 10g, Unit Price: 5,89 €, Comparison Price: 589,00 €/kg
Product: Erisan Hajusteeton Muotovaahto Extra Strong 200 ml, Unit Price: 4,29 €, Comparison Price: 21,45 €/l
Product: Wella Wellaflex 200ml Ultra Strong mousse, Unit Price: 4,99 €, Comparison Price: 24,95 €/l
Product: XZ 150ml Kampaus- ja muotoilusuihke, Unit Price: 4,39 €, Comparison Price: 29,27 €/l
Product: Schwarzkopf Taft Volume muotovaahto 150 ml, Unit Price: 3,99 €, Comparison Price: 26,60 €/l
Product: Herbina 200ml Volume muotovaahto, Unit Price: 3,95 €, Comparison Price: 19,75 €/l
Product: LV 150ml Muotovaahto, Unit Price: 3,89 €, Comparison Price: 25,93 €/l
Product: Wella Classic 200ml Extra Strong muotovaahto, Unit Price: 3,79 €, Comparison Price: 18,95 €/l
Product: essence baby got bronze bronzing stick aurinkopuuteripuikko 5,5 g, Unit Price: 3,69 €, Comparison Price: 615,00 €/kg
Product: TRESemmé Heat Defence Lämpösuojasuihke 230°C asti 300 ml, Unit Price: 8,95 €, Comparison Price: 29,83 €/l
Product: Herbina 200ml Sensitive muotovaahto erittäin voimakas hajusteeton, Unit Price: 3,95 €, Comparison Price: 19,75 €/l
Product: XZ 150ml Muotoilusuihke 4-in-1, Unit Price: 5,19 €, Comparison Price: 34,60 €/l
Product: Herbina 200ml Texture rakennesuihke, Unit Price: 4,95 €, Comparison Price: 24,75 €/l
Product: Ellix sivellinsarja 3-osainen, Unit Price: 2,50 €, Comparison Price: 
Product: Best Friend Teaser 2in1 kissan onkilelu vaihtolelulla, Unit Price: 8,50 €, Comparison Price: 
Product: Arla Kalinka Päärynä-vanilja kerrosjogurtti 150 g vähälaktoosinen, Unit Price: 0,62 €, Comparison Price: 4,13 €/kg
Product: Kalaneuvos Kylmäsavukirjolohifilee siivu 150g vak, Unit Price: 5,39 €, Comparison Price: 35,93 €/kg
Product: Xtra kylmäsavulohisiivu 100 g, Unit Price: 3,49 €, Comparison Price: 34,90 €/kg
Product: Rainbow 150g kylmäsavustettu kirjolohifilee viipaloitu, Unit Price: 4,89 €, Comparison Price: 32,60 €/kg
Product: Rainbow kylmäsavulohiviipaleet 100g, Unit Price: 3,99 €, Comparison Price: 39,90 €/kg
Product: Herkku Viipyillen kylmäsavustettu lohiviipale n. 120-150 g, Unit Price: 5,87 €, Comparison Price: 41,90 €/kg
Product: Kalaneuvos Kylmäsavukirjolohifileesiivu 100 g sauna vak, Unit Price: 4,79 €, Comparison Price: 47,90 €/kg
Product: Lapin Kylmäsavu kirjolohifileesiivu 100g,, Unit Price: 5,95 €, Comparison Price: 59,50 €/kg
Product: Xtra savulohisuikale 150 g, Unit Price: 4,39 €, Comparison Price: 29,27 €/kg
Product: Kalaneuvos Kylmäsavukirjolohifilee ruodoton n700g vak, Unit Price: 20,93 €, Comparison Price: 29,90 €/kg
Product: Lapin Kylmäsavu kirjolohifileesiivu 100g, pintapaahdettu, Unit Price: 6,85 €, Comparison Price: 68,50 €/kg
Product: Lerøy kylmäsavustettu kirjolohifilee viipaloitu ASC 80g, Unit Price: 3,69 €, Comparison Price: 46,13 €/kg
Product: Rainbow 150g Cashews valkosuklaacashewpähkinä, Unit Price: 2,45 €, Comparison Price: 16,33 €/kg
Product: Den Lille Nøttefabrikken NøttiFrutti Yoghurt pähkinä-hedelmäsekoitus170g, Unit Price: 4,89 €, Comparison Price: 28,76 €/kg
Product: Exotic Snacks Viisi parasta ystävää 170g, Unit Price: 3,55 €, Comparison Price: 20,88 €/kg
Product: Foodin Valkosuklaacashew luomu 60g, Unit Price: 2,55 €, Comparison Price: 42,50 €/kg
Product: Exotic Snacks Manteli Kinuski 125g, Unit Price: 3,29 €, Comparison Price: 26,32 €/kg
Product: Coop auringonkukkaöljy 1 l, Unit Price: 3,75 €, Comparison Price: 3,75 €/l
Product: Rainbow luomu auringonkukkaöljy 500ml, Unit Price: 2,59 €, Comparison Price: 5,18 €/l
Product: Keiju auringonkukkaöljy 1 l, Unit Price: 8,29 €, Comparison Price: 8,29 €/l
Product: Keiju Auringonkukkaöljy 500 ml, Unit Price: 4,39 €, Comparison Price: 8,78 €/l
Product: Coop ananas pieninä paloina täysmehussa 227/140 g, Unit Price: 0,89 €, Comparison Price: 6,36 €/kg
Product: Rainbow ananaspalat mehussa 227/140g, Unit Price: 0,95 €, Comparison Price: 6,79 €/kg
Product: Del Monte 230g Ananaspaloja mehussa, Unit Price: 1,25 €, Comparison Price: 8,93 €/kg
Product: Del Monte 220g Ananasviipale mehussa, Unit Price: 1,25 €, Comparison Price: 8,93 €/kg
Product: Naturdiet RTD Maapähkinä Toffee Shake 330ml, Unit Price: 1,99 €, Comparison Price: 6,03 €/l
Product: Rainbow ananasviipaleet ananasmehussa 227g/140g, Unit Price: 0,89 €, Comparison Price: 6,50 €/kg
Product: Nutrilett Cocoa & Oat vähälaktoosinen VLCD valmis kaakao&kauramaitopirtelö  330ml, Unit Price: 2,25 €, Comparison Price: 6,82 €/l
Product: 227/139g Dole Tropical Gold Ananaspaloja mehussa, Unit Price: 1,39 €, Comparison Price: 10,00 €/kg
Product: Nutrilett VLCD Rich Vanilla Pear Flavoured shake Valmis pirtelö 330ml, Unit Price: 2,25 €, Comparison Price: 6,82 €/l
Product: 227/139g Dole Tropical Gold Ananas pikkupaloja ananasmehussa, Unit Price: 1,39 €, Comparison Price: 10,00 €/kg
Product: Nutrilett VLCD Creamy Chocolate Banana shake Valmis pirtelö 330ml, Unit Price: 2,25 €, Comparison Price: 6,82 €/l
Product: 3x227/139g Dole Tropical Gold Pizzaan ja tacoihin sopivia pieniä ananaspaloja omassa mehussa 3-pack, Unit Price: 3,95 €, Comparison Price: 9,47 €/kg
Product: Nutrilett VLCD Rich Chocolate Flavoured Shake suklaanmakuinen pirtelö 10x35g, Unit Price: 20,59 €, Comparison Price: 58,83 €/kg
Product: Del Monte 230g Ananasmurska mehussa, Unit Price: 1,19 €, Comparison Price: 8,21 €/kg
Product: Nutrilett VLCD Strawberry Shake mansikanmakuinen pirtelö 10x35g, Unit Price: 20,59 €, Comparison Price: 58,83 €/kg
Product: 3x227/139g Dole Tropical Gold Ananaspaloja mehussa 3-pack, Unit Price: 3,99 €, Comparison Price: 10,47 €/kg
Product: Nutrilett VLCD Chicken Soup Painonhallintaan tarkoitettu erittäin niukkaenergiainen ruokavalionkorvike kanakeitto 10x35g, Unit Price: 19,79 €, Comparison Price: 56,54 €/kg
Product: Dole Tropical Gold Trooppisia hedelmiä mehussa 3-pack 3x227/139g, Unit Price: 3,69 €, Comparison Price: 5,42 €/kg
Product: Nutrilett VLCD vegan vegetable soup kasviskeitto 10x35g, Unit Price: 19,79 €, Comparison Price: 56,54 €/kg
Product: 227/139g Dole Tropical Gold Ananasviipaleita mehussa, Unit Price: 1,45 €, Comparison Price: 10,43 €/kg
Product: Vida Easy Meal ateria-aines omena-kaneli-kaurapuuro 48 g, Unit Price: 1,95 €, Comparison Price: 40,63 €/kg
Product: Coop ananasmurska täysmehussa 227/140 g, Unit Price: 0,58 €, Comparison Price: 4,14 €/kg
Product: Vida Easy Meal ateria-aines Pasta Bolognese 50 g, Unit Price: 2,29 €, Comparison Price: 45,80 €/kg
Product: 3x227/139g Dole Tropical Gold Ananasviipaleita mehussa 3-pack, Unit Price: 3,89 €, Comparison Price: 9,33 €/kg
Product: Xtra ananasviipaleet mehussa 567/340g, Unit Price: 1,25 €, Comparison Price: 3,68 €/kg
Product: Del Monte 560g Ananaspala mehussa, Unit Price: 2,75 €, Comparison Price: 7,86 €/kg
Product: Rainbow ananasviipaleet ananasmehussa 820/490 g, Unit Price: 2,89 €, Comparison Price: 5,90 €/kg
Product: Del Monte 560g Ananasviipale mehuss, Unit Price: 2,79 €, Comparison Price: 7,97 €/kg
Product: Rainbow ananasviipaleet ananasmehussa 340 g, Unit Price: 2,05 €, Comparison Price: 6,03 €/kg
Product: Dole Tropical Gold Ananas hedelmäkupit 4x113/68g, Unit Price: 4,39 €, Comparison Price: 9,71 €/kg
Product: Coop ananas viipaleina täysmehussa 227/140 g, Unit Price: 0,89 €, Comparison Price: 6,36 €/kg
Product: House grilliharja 28 cm, Unit Price: 3,50 €, Comparison Price: 
Product: House grillin puhdistusharja 41 cm, Unit Price: 4,50 €, Comparison Price: 
Product: Suomi 20 kpl sytytyspala, Unit Price: 5,95 €, Comparison Price: 0,30 €/kpl
Product: House grillivarrastikku 100 kpl, Unit Price: 2,95 €, Comparison Price: 
Product: SYTYTYSKUUTIOT, Unit Price: 4,95 €, Comparison Price: 
Product: Mustang Grillipihdit Pro 43 cm, Unit Price: 8,95 €, Comparison Price: 
Product: House grillipinsetit 30 cm, Unit Price: 6,95 €, Comparison Price: 
Product: House grillin puhdistusharja T 30 cm, Unit Price: 9,95 €, Comparison Price: 
Product: Weber 30 cm Kolmio Grilliharja, Unit Price: 18,95 €, Comparison Price: 
Product: House varrastikku 10 kpl, Unit Price: 8,95 €, Comparison Price: 0,89 €/kpl
Product: SodaStream Pepsi Max 440ml, Unit Price: 5,90 €, Comparison Price: 13,41 €/l
Product: Weber Grillipihdit, Unit Price: 14,95 €, Comparison Price: 
Product: Mysoda Cola Sokeriton Virvoitusjuomatiiviste 500ml, Unit Price: 4,69 €, Comparison Price: 9,38 €/l
Product: Mustang Grillausvälinesarja RST 2kpl, Unit Price: 16,90 €, Comparison Price: 
Product: SodaStream Pepsi Max Lime -juomatiiviste 440ml, Unit Price: 5,90 €, Comparison Price: 13,41 €/l
Product: Weber 45 cm Kolmio Grilliharja, Unit Price: 19,95 €, Comparison Price: 
Product: SodaStream Pepsi-juomatiiviste 440ml, Unit Price: 9,90 €, Comparison Price: 22,50 €/l
Product: House grillipihdit 45 cm, Unit Price: 11,95 €, Comparison Price: 
Product: Mysoda Cola Virvoitusjuomatiiviste 500ml, Unit Price: 4,89 €, Comparison Price: 9,78 €/l
Product: Napoleon puhdistusharja messinki, Unit Price: 24,90 €, Comparison Price: 
Product: Mustang Grillikori teflon 31x21 cm, Unit Price: 5,95 €, Comparison Price: 
Product: House grilliharja 3-in-1 38 cm, Unit Price: 4,95 €, Comparison Price: 
Product: Weber Grilliharja, Unit Price: 17,95 €, Comparison Price: 
Product: Weber 30 cm Bambu grilliharja, Unit Price: 15,95 €, Comparison Price: 
Product: Weber Varrassetti grilliin ( 8 kpl ), Unit Price: 14,95 €, Comparison Price: 
Product: Muurikka grillaus- ja savustuskori 20x32cm, Unit Price: 9,95 €, Comparison Price: 
Product: House grillilasta 37 cm, Unit Price: 5,95 €, Comparison Price: 
Product: Weber 45 cm Bambu grilliharja, Unit Price: 19,95 €, Comparison Price: 
Product: Weber bambuvartaat, Unit Price: 6,90 €, Comparison Price: 0,28 €/kpl
Product: Nescafé Dolce Gusto 30kaps/300g Café au Lait maitokahvikapseli, Unit Price: 9,49 €, Comparison Price: 31,63 €/kg
Product: Starbucks Nespresso Houseblend Lungo 10 kaps/57g, Unit Price: 5,40 €, Comparison Price: 94,74 €/kg
Product: Starbucks Nespresso Caffé Verona Ristretto 10 kaps/55g, Unit Price: 5,40 €, Comparison Price: 98,18 €/kg
Product: Nescafé Dolce Gusto 30kaps/210g Espresso Intenso kahvikapseli, Unit Price: 9,49 €, Comparison Price: 45,19 €/kg
Product: Nescafé Dolce Gusto Grande Intenso 16 kaps/132,8g, Unit Price: 5,95 €, Comparison Price: 44,74 €/kg
Product: Nescafé Dolce Gusto Americano 30 kaps/255g, Unit Price: 9,49 €, Comparison Price: 37,22 €/kg
Product: Nescafé Dolce Gusto New York 18kaps/149,4g, Unit Price: 5,99 €, Comparison Price: 40,20 €/kg
Product: Nescafé Dolce Gusto 16kaps/186,4g Cappuccino maitokahvikapseli, Unit Price: 5,95 €, Comparison Price: 31,99 €/kg
Product: Starbucks Nespresso Single Origin Colombia 10 kaps/57g, Unit Price: 5,40 €, Comparison Price: 94,74 €/kg
Product: Starbucks Nespresso Smooth Caramel 10kaps/51g, Unit Price: 5,40 €, Comparison Price: 105,88 €/kg
Product: Nescafé Dolce Gusto 16kaps/160g Café au Lait Intenso maitokahvikapseli, Unit Price: 5,99 €, Comparison Price: 37,44 €/kg
Product: Nescafé Dolce Gusto 16kaps/187,2g Flat white maitokahvikapseli, Unit Price: 5,99 €, Comparison Price: 32,03 €/kg
Product: Nescafé Dolce Gusto Zoégas Morgonstund 16 kaps/ 132,8g, Unit Price: 5,99 €, Comparison Price: 45,04 €/kg
Product: Nescafé Dolce Gusto 16kaps/160g Café au Lait maitokahvikapseli, Unit Price: 5,95 €, Comparison Price: 37,19 €/kg
Product: Starbucks Nespresso Espresso Roast 10 kaps/57g, Unit Price: 5,40 €, Comparison Price: 101,89 €/kg
Product: Nescafé Dolce Gusto Miami 18kaps/126g, Unit Price: 5,99 €, Comparison Price: 47,54 €/kg
Product: Cellini Lungo Deliz kahvikapseli 50g 10kpl, Unit Price: 3,50 €, Comparison Price: 70,00 €/kg
Product: Nescafé Dolce Gusto 16kaps/145.6g Latte Macchiato Caramel maitokahvikapseli, Unit Price: 5,99 €, Comparison Price: 41,03 €/kg
Product: Carrefour Bio Extra Caffe latte 100% Arabica kahvikapselit 155,2g 16 kpl, Unit Price: 4,99 €, Comparison Price: 32,19 €/kg
Product: Pensasmustikka 300g, Unit Price: 4,39 €, Comparison Price: 14,63 €/kg
Product: Starbucks Nescafé Dolce Gusto White Mocha 12kaps/123g, Unit Price: 5,40 €, Comparison Price: 43,90 €/kg
Product: Oatly iKaffe kaurajuoma 1L, Unit Price: 1,99 €, Comparison Price: 1,99 €/l
Product: AROMA GOLD Irish Cream DG kapseli 16 kpl, Unit Price: 4,99 €, Comparison Price: 19,49 €/kg
Product: 2 x Pepsi Max virvoitusjuoma 1,5 l, Unit Price: 3,69 €, Comparison Price: 0,96 €/l
Product: Aroma Gold valksuklaa pistaasi DG kapselit 16 kpl, Unit Price: 4,99 €, Comparison Price: 19,49 €/kpl
Product: Pioni 3kpl, värilajitelma, Unit Price: 7,50 €, Comparison Price: 
Product: Cellini Dolce Gusto Capsules Deciso kahvikapseli 10 kpl, Unit Price: 3,50 €, Comparison Price: 46,67 €/kg
Product: Taffel Broadway sourcream & onion maustettu sipsi 325g, Unit Price: 2,89 €, Comparison Price: 8,89 €/kg
Product: Cellini 125g espressonappi 18kpl, Unit Price: 6,75 €, Comparison Price: 54,00 €/kg
Product: Kotimaista rucola rasia 50 g, Unit Price: 1,99 €, Comparison Price: 39,80 €/kg
Product: Kulta Katriina Tumma paahto suodatinkahvi RAC 500g, Unit Price: 5,85 €, Comparison Price: 11,70 €/kg
Product: Fazer Leipurit Cashew-karpalociabatta 380g, Unit Price: 4,49 €, Comparison Price: 11,82 €/kg
Product: Viikkokimppu, 8 oksaa, vaihteleva lajitelma, sävykääre, 50cm, Unit Price: 4,29 €, Comparison Price: 
Product: Patros Natur salaattijuusto 200g, Unit Price: 3,49 €, Comparison Price: 17,45 €/kg
Product: Nature Line puukuituhaarukka Premium 12 kpl, Unit Price: 1,65 €, Comparison Price: 0,14 €/kpl
Product: Kotimaista Coleslaw 350g, Unit Price: 1,85 €, Comparison Price: 5,29 €/kg
Product: Biopak 10kpl 150mm CPLA Bio haarukka x 10, Unit Price: 1,25 €, Comparison Price: 0,13 €/kpl
Product: Valio kahvikerma 10 % 3,3 dl laktoositon, Unit Price: 2,29 €, Comparison Price: 6,94 €/l
Product: Biopak 10kpl 150mm CPLA Bio lusikka x 10, Unit Price: 1,25 €, Comparison Price: 0,13 €/kpl
Product: Biopak 10kpl 150mm CPLA Bio veitsi x 10, Unit Price: 1,25 €, Comparison Price: 0,13 €/kpl
Product: Karhunvadelma 125g, Unit Price: 3,09 €, Comparison Price: 24,72 €/kg
Product: Nature Line puukuituruokalusikka Premium 12 kpl, Unit Price: 1,75 €, Comparison Price: 0,15 €/kpl
Product: Kasvihuone varhaisperuna, Unit Price: 1,20 €, Comparison Price: 9,99 €/kg
Product: Spen puinen haarukka 16cm 12kpl, Unit Price: 0,79 €, Comparison Price: 0,07 €/kpl
Product: Rainbow 350g valkosipulivoipatonki 2kpl pakaste, Unit Price: 1,89 €, Comparison Price: 5,40 €/kg
Product: Nature Line puukuitukahvilusikka Premium 12 kpl, Unit Price: 1,25 €, Comparison Price: 0,10 €/kpl
Product: Rainbow Cocktailpiirakka 15kpl 675g, raakapakaste, Unit Price: 1,99 €, Comparison Price: 2,95 €/kg
Product: Spen puinen haarukka, veitsi ja lautasliina setti, Unit Price: 0,25 €, Comparison Price: 
Product: Biopak 10x18kpl 165mm haarukka, veitsi & lusikka vahattu puuaterinsetti x 144, Unit Price: 2,15 €, Comparison Price: 0,12 €/kpl
Product: Pommac virvoitusjuoma 1,5 l, Unit Price: 3,79 €, Comparison Price: 2,26 €/l
Product: SaveGaia kompostoitava ja biohajoava kestohaarukka 12kpl, Unit Price: 3,49 €, Comparison Price: 0,29 €/kpl
Product: Rainbow Croissants 330g raakapakaste, Unit Price: 2,99 €, Comparison Price: 9,06 €/kg
Product: Baba Hummus kikhernelevite - dippi 225g, Unit Price: 2,99 €, Comparison Price: 13,29 €/kg
Product: Nature Line puukuituveitsi Premium 12 kpl, Unit Price: 1,55 €, Comparison Price: 0,13 €/kpl
Product: Oululainen Pullava Viipaloitu pitko 450g, Unit Price: 3,69 €, Comparison Price: 8,20 €/kg
Product: Vaasan Kotiuunin Minicroissant 12x30g, Unit Price: 3,39 €, Comparison Price: 9,42 €/kg
Product: BIOPAK Pluma valkoinen paperihaarukka 16cm 10kpl, Unit Price: 2,45 €, Comparison Price: 0,25 €/kpl
Product: Vaasan Kotiuunin Minicroissant 12x30g, Unit Price: 3,39 €, Comparison Price: 9,42 €/kg
Product: Spen maistiaishaarukka 11cm 50kpl, Unit Price: 0,79 €, Comparison Price: 0,02 €/kpl
Product: Rainbow gluteeniton riisipiirakka 6 kpl/360 g pakaste, Unit Price: 3,69 €, Comparison Price: 10,25 €/kg
Product: Leipurin Pinsa Romana 230 g, Unit Price: 3,95 €, Comparison Price: 17,17 €/kg
Product: Homekit Kertakäyttöinen aterinsetti 30kpl, Unit Price: 3,99 €, Comparison Price: 0,13 €/kpl
Product: 2 x Hartwall Jaffa Appelsiini virvoitusjuoma 1,5 l, Unit Price: 4,99 €, Comparison Price: 1,40 €/l
Product: Dr. Oetker Ristorante Piccolissima Tre Fromaggi pakasteminipizzat 216g, Unit Price: 3,89 €, Comparison Price: 18,01 €/kg
Product: Vaasan Kotiuunin Vadelmasydän 8x45g pakaste vadelma-omenatäytteinen munkki, Unit Price: 3,89 €, Comparison Price: 10,81 €/kg
Product: BIOPAK 10kpl 18cm Grand vahattu puulusikka, Unit Price: 2,10 €, Comparison Price: 0,21 €/kpl
Product: Oksaneilikka, värilajitelma, 8 oksaa, 50cm, Unit Price: 6,99 €, Comparison Price: 
Product: Dr. Oetker Ristorante Piccolissima Pepperoni pakasteminipizzat 216g, Unit Price: 3,89 €, Comparison Price: 18,01 €/kg
Product: Spen puinen kahvilusikka 11cm 12kpl, Unit Price: 0,69 €, Comparison Price: 0,06 €/kpl
Product: Dr. Oetker Ristorante Piccolissima Prosciutto pakasteminipizzat 216g, Unit Price: 3,89 €, Comparison Price: 18,01 €/kg
Product: Spen puinen lusikka 16cm 12kpl, Unit Price: 0,79 €, Comparison Price: 0,07 €/kpl
Product: Vöner Köftis 390g, Unit Price: 3,99 €, Comparison Price: 10,23 €/kg
Product: Spen kahvitikku 50kpl, Unit Price: 0,79 €, Comparison Price: 0,02 €/kpl
Product: Rosten Mini Calzone Mozzarella-Pesto, piirakka 7x45g, Unit Price: 3,59 €, Comparison Price: 11,40 €/kg
Product: BIOPAK 10kpl 18cm Grand vahattu puuhaarukka, Unit Price: 2,09 €, Comparison Price: 0,21 €/kpl
Product: Fazer Gluteeniton Riisipiirakka 4kpl 240g, kypsäpakaste, Unit Price: 4,79 €, Comparison Price: 19,96 €/kg
Product: SaveGaia kompostoitava ja biohajoava kestolusikka 12kpl, Unit Price: 3,49 €, Comparison Price: 0,29 €/kpl
Product: Moilas Gluten-Free riisipiirakka 5kpl 425g kypsä pakaste, Unit Price: 4,99 €, Comparison Price: 11,74 €/kg
Product: BIOPAK Pluma valkoinen paperilusikka 15cm 10kpl, Unit Price: 2,55 €, Comparison Price: 0,26 €/kpl
Product: Brander pinaatti-fetapasteija gton 2 kpl/160g PA, Unit Price: 4,99 €, Comparison Price: 31,19 €/kg
Product: Spen puinen veitsi 16cm 12kpl, Unit Price: 0,79 €, Comparison Price: 0,07 €/kpl
Product: Brander lihapasteija gton 2kpl/200 g pa, Unit Price: 5,95 €, Comparison Price: 29,75 €/kg
Product: SaveGaia kompostoitava ja biohajoava kestoveitsi 12kpl, Unit Price: 3,49 €, Comparison Price: 0,29 €/kpl
Product: Porokylän Cocktailriisipiirakka 6 kpl / 210 g gluteeniton laktoositon, Unit Price: 2,69 €, Comparison Price: 12,81 €/kg
Product: BIOPAK 10kpl 19cm Grand vahattu puuveitsi, Unit Price: 1,99 €, Comparison Price: 0,20 €/kpl
Product: Brander kinkku-paprika  gton 2 kpl/160g PA, Unit Price: 4,99 €, Comparison Price: 31,19 €/kg
Product: Xtra ruokahaarukka 6 kpl, Unit Price: 5,95 €, Comparison Price: 0,99 €/kpl
Product: HK Herkkumaksamakkara 150 g, Unit Price: 1,79 €, Comparison Price: 11,93 €/kg
Product: HK Herkkumaksamakkara 300 g, Unit Price: 2,49 €, Comparison Price: 8,30 €/kg
Product: HK Herkkumaksamakkara 500 g, Unit Price: 2,59 €, Comparison Price: 5,18 €/kg
Product: Kotimaista maksamakkara 200 g, Unit Price: 0,75 €, Comparison Price: 3,75 €/kg
Product: Snellman Viipaloitu aurinkokuivattu tomaatti maksamakkara 250g, Unit Price: 2,85 €, Comparison Price: 11,40 €/kg
Product: Snellman  Herra Snellmanin maksamakkara 300g, Unit Price: 1,89 €, Comparison Price: 6,30 €/kg
Product: Snellman Viipaloitu herkkumaksamakkara 250g, Unit Price: 2,85 €, Comparison Price: 11,40 €/kg
Product: Snellman  Herra Snellmanin maksamakkara 150g, Unit Price: 1,39 €, Comparison Price: 9,27 €/kg
Product: Snellman Kevyt Maksamakkara 150g, Unit Price: 1,39 €, Comparison Price: 9,27 €/kg
Product: HK Herkkumaksamakkara Tomaatti 300 g, Unit Price: 2,79 €, Comparison Price: 9,30 €/kg
Product: Wotkin´s 300 g Maalaismaksamakkara, Unit Price: 3,55 €, Comparison Price: 11,83 €/kg
Product: Atria Levitettävä Tomaattiherkkumaksamakkara 200g, Unit Price: 2,95 €, Comparison Price: 14,75 €/kg
Product: Perniön Maksamakkara 280g, Unit Price: 3,49 €, Comparison Price: 12,46 €/kg
Product: HK Herkkumaksamakkara Levitettävä 125 g, Unit Price: 2,95 €, Comparison Price: 23,60 €/kg
Product: Snellman Tomaattimaksamakkara 150g, Unit Price: 1,45 €, Comparison Price: 9,67 €/kg
Product: HK Maalaismaksamakkara 300 g, Unit Price: 2,79 €, Comparison Price: 9,30 €/kg
Product: HK Kananpojan Herkkumaksamakkara 250 g, Unit Price: 2,75 €, Comparison Price: 11,00 €/kg
Product: Xtra mätitahna 250 g, Unit Price: 1,99 €, Comparison Price: 7,96 €/kg
Product: Kivikylän Maksamakkara 300g, Unit Price: 3,69 €, Comparison Price: 12,30 €/kg
Product: Savupojat Maksamakkara 100 g, Unit Price: 1,39 €, Comparison Price: 13,90 €/kg
Product: HK Herkkumaksamakkara kinkku 300 g, Unit Price: 2,79 €, Comparison Price: 9,30 €/kg
Product: Wigren Pippurimaksamakkara 300g, Unit Price: 4,49 €, Comparison Price: 14,97 €/kg
Product: HK Herkkumaksamakkara Kevyt 10% 300 g, Unit Price: 2,79 €, Comparison Price: 9,30 €/kg
Product: Wigren Maalaismaksamakkara 300g, Unit Price: 4,49 €, Comparison Price: 14,97 €/kg
Product: Lumene Matte Oil-Control Pohjustusvoide 20 ml, Unit Price: 9,90 €, Comparison Price: 495,00 €/l
Product: Lumene Natural Glow Kosteuttava pohjustusvoide 20ml, Unit Price: 14,90 €, Comparison Price: 745,00 €/l
Product: The Pink Stuff Miracle paste yleispuhdistusaine 850 g, Unit Price: 3,49 €, Comparison Price: 4,11 €/kg
Product: Moomin Arabia Finland Muumi muki 0,3L Nipsu rannalla, Unit Price: 18,90 €, Comparison Price: 
Product: Nestlé Nan 200ml HA 2 maitopohjainen käyttövalmis vieroitusvalmiste, Unit Price: 0,93 €, Comparison Price: 4,65 €/l
Product: Hyvä Apaja Kirjolohipyörykät 300g, Unit Price: 3,29 €, Comparison Price: 10,97 €/kg
Product: Hyvä Apaja jäämerensalaatti 200g, Unit Price: 3,89 €, Comparison Price: 19,45 €/kg
Product: Hätälä Onkimiehen kalapihvi 240g, Unit Price: 3,39 €, Comparison Price: 14,13 €/kg
Product: Rainbow Kalapyörykkä 250g, Unit Price: 2,79 €, Comparison Price: 11,16 €/kg
Product: Hyvä Apaja Savukalasalaatti 200g, Unit Price: 3,89 €, Comparison Price: 19,45 €/kg
Product: Herkku katkarapusalaatti 180 g, Unit Price: 3,98 €, Comparison Price: 22,11 €/kg
Product: Abba laktoositon remoulade jogurttikastike kalalle 280g, Unit Price: 2,49 €, Comparison Price: 8,89 €/kg
Product: Hyvä Apaja Kalanugetit 250g, Unit Price: 3,19 €, Comparison Price: 12,76 €/kg
Product: Helsingin Katkarapuskagen 200g, Unit Price: 4,99 €, Comparison Price: 24,95 €/kg
Product: Hyvä Apaja Chili-katkarapusalaatti 140g, Unit Price: 3,95 €, Comparison Price: 28,21 €/kg
Product: Huhtahyvät Gourmet Savukirjolohisalaatti 250g, Unit Price: 3,79 €, Comparison Price: 15,16 €/kg
Product: Abba Laktoositon sitruunakastike kalalle 250g, Unit Price: 3,15 €, Comparison Price: 12,60 €/kg
Product: Coop kirjolohipihvi 200 g, Unit Price: 2,89 €, Comparison Price: 14,45 €/kg
Product: Herkku savukalasalaatti 180 g, Unit Price: 3,98 €, Comparison Price: 22,11 €/kg
Product: Vici surimitikut 250g, Unit Price: 3,19 €, Comparison Price: 12,76 €/kg
Product: Helsingin Katkarapu Chiliaioli 200g, Unit Price: 4,99 €, Comparison Price: 24,95 €/kg
Product: Norron Kalatassu lime & sitruuna 110g, Unit Price: 2,95 €, Comparison Price: 26,82 €/kg
Product: Hätälä Lohipyörykkä 250g, Unit Price: 3,29 €, Comparison Price: 13,16 €/kg
Product: Hätälä Loimulohiburger 2x100g, Unit Price: 4,95 €, Comparison Price: 24,75 €/kg
Product: Herkku mätisalaatti 140 g, Unit Price: 3,98 €, Comparison Price: 28,43 €/kg
Product: Hätälä Lohipyörykkä 900g, Unit Price: 8,95 €, Comparison Price: 9,94 €/kg
Product: Herkku kylmäsavukalasalaatti 180 g, Unit Price: 3,98 €, Comparison Price: 22,11 €/kg
Product: Herkku ravunpyrstö Hot Aioli 140 g, Unit Price: 3,98 €, Comparison Price: 28,43 €/kg
Product: Norron Kalatassu curry & appelsiini 110g, Unit Price: 2,95 €, Comparison Price: 26,82 €/kg
Product: Arla Little Baby 2 500 ml Luomu maitopohjainen vieroitusvalmiste UHT käyttövalmis, Unit Price: 1,79 €, Comparison Price: 3,58 €/l
Product: Stor juomapullo Muumi 4,3 dl, Unit Price: 8,90 €, Comparison Price: 
Product: Valio Tuuti® 2 maitopohjainen vieroitusvalmiste 1 l UHT, Unit Price: 2,59 €, Comparison Price: 2,59 €/l
Product: Coop lankkuperunat 750 g pakaste, Unit Price: 2,70 €, Comparison Price: 3,60 €/kg
Product: Daloplast olutlasi 45 cl lila, Unit Price: 2,90 €, Comparison Price: 
Product: Iittala Teema syvä lautanen 21 cm, valkoinen, Unit Price: 16,50 €, Comparison Price: 
Product: Rainbow 100g kierretikku koiralle, sisältää kanaa ja turskaa, Unit Price: 1,99 €, Comparison Price: 18,95 €/kg
Product: Fage Total kreikkalainen jogurtti 0% 500g, Unit Price: 3,89 €, Comparison Price: 7,78 €/kg
Product: Valio Tuuti® 2 maitopohjainen vieroitusvalmistejauhe 800 g, Unit Price: 10,89 €, Comparison Price: 13,61 €/kg
Product: Abba sinappisilli 230g, Unit Price: 3,79 €, Comparison Price: 16,48 €/kg
Product: Abba ranskalainen sipulisilli 240/120g, Unit Price: 3,79 €, Comparison Price: 31,58 €/kg
Product: Abba valkosipulisilli 225g, Unit Price: 3,79 €, Comparison Price: 16,84 €/kg
Product: Abba Silliherkku rapumarinoitu silli 220g, Unit Price: 3,79 €, Comparison Price: 17,23 €/kg
Product: Boy sipulisilli 575/250g, Unit Price: 4,69 €, Comparison Price: 18,76 €/kg
Product: Abba anjovisfilee 125/79g, Unit Price: 2,99 €, Comparison Price: 36,91 €/kg
Product: Rainbow matjessillifileet vakuumi 150g, 2-3kpl, Unit Price: 2,19 €, Comparison Price: 14,60 €/kg
Product: Boy sinappisilli 560g, Unit Price: 4,69 €, Comparison Price: 8,38 €/kg
Product: Abba kesäsilli 240/120g, Unit Price: 3,79 €, Comparison Price: 31,58 €/kg
Product: Coop sipulisilli 500/245 g, Unit Price: 2,80 €, Comparison Price: 11,43 €/kg
Product: Abba inkivääri-limesilli 240/120g, Unit Price: 3,79 €, Comparison Price: 31,58 €/kg
Product: Abba Silliherkku saaristosilli 220g, Unit Price: 3,79 €, Comparison Price: 17,23 €/kg
Product: Abba Brantevikin sipuli-tillisilli 245/105g, Unit Price: 3,79 €, Comparison Price: 36,10 €/kg
Product: Coop matjessilli 500/240 g, Unit Price: 2,95 €, Comparison Price: 12,29 €/kg
Product: Abba ranskalainen sipulisilli 500/250g, Unit Price: 5,99 €, Comparison Price: 23,96 €/kg
Product: Boy tillisilli 575/250g, Unit Price: 4,69 €, Comparison Price: 18,76 €/kg
Product: Abba ruohosipuli- ja tillisilli 215g, Unit Price: 3,79 €, Comparison Price: 18,05 €/kg
Product: Boy matjessilli 580/250g, Unit Price: 4,69 €, Comparison Price: 18,76 €/kg
Product: Coop sinappisilli 490 g, Unit Price: 2,95 €, Comparison Price: 6,02 €/kg
Product: Coop sipulisilli 260/125 g, Unit Price: 1,95 €, Comparison Price: 15,60 €/kg
Product: Coop ranskalainen sipulisilli 500/300 g, Unit Price: 2,95 €, Comparison Price: 9,83 €/kg
Product: Suomen Sillikonttori Sipuli Artesaani-silli 280g MSC, Unit Price: 4,29 €, Comparison Price: 30,64 €/kg
Product: Suomen Sillikonttori Gin-Katajanmarja Artesaani-silli 280g MSC, Unit Price: 4,29 €, Comparison Price: 30,64 €/kg
Product: Coop currysilli 470 g, Unit Price: 2,95 €, Comparison Price: 6,28 €/kg
Product: Bormioli Rocco öljypullo 0,3 l Officina 1825, Unit Price: 5,95 €, Comparison Price: 
Product: Nestlé Nan 1000ml Pro 2 maitopohjainen käyttövalmis vierotusvalmiste, Unit Price: 2,79 €, Comparison Price: 2,79 €/l
Product: Maybelline New York Fit Me Concealer 05 Ivory -peitevoide 6,8ml, Unit Price: 8,90 €, Comparison Price: 
Product: Kalaneuvos Kylmäsavukirjolohifilee siivu 150g vak, Unit Price: 5,39 €, Comparison Price: 35,93 €/kg
Product: Kalaneuvos Graavikirjolohifilee siivu vak 150g, Unit Price: 5,39 €, Comparison Price: 35,93 €/kg
Product: Xtra kylmäsavulohisiivu 100 g, Unit Price: 3,49 €, Comparison Price: 34,90 €/kg
Product: Rainbow 150g kylmäsavustettu kirjolohifilee viipaloitu, Unit Price: 4,89 €, Comparison Price: 32,60 €/kg
Product: Rainbow Serrano-kinkku APT 150g, Unit Price: 2,92 €, Comparison Price: 19,47 €/kg
Product: Cavazzuti Prosciutto Crudo 100g, Unit Price: 3,39 €, Comparison Price: 33,90 €/kg
Product: Furlotti Parmankinkku 100g, Unit Price: 5,95 €, Comparison Price: 59,50 €/kg
Product: HK Ohuen ohut Härän kylmäsavupaisti 100 g, Unit Price: 5,49 €, Comparison Price: 54,90 €/kg
Product: Zimbo Schwarzwaldin kinkku 100g, Unit Price: 2,29 €, Comparison Price: 22,90 €/kg
Product: Wigren Naudan Sisäpaisti 130g, Unit Price: 3,95 €, Comparison Price: 30,38 €/kg
Product: Argal Trio Español Makkaralajitelma 150g, Unit Price: 3,99 €, Comparison Price: 26,60 €/kg
Product: Rainbow Lämminsavu Kirjolohifilee n. 700 g (600-1400 g), Unit Price: 17,43 €, Comparison Price: 24,90 €/kg
Product: Argal 90g Serrano Cured Jamón Serrano kinkku, Unit Price: 2,99 €, Comparison Price: 33,22 €/kg
Product: Abba sinappisilli 230g, Unit Price: 3,79 €, Comparison Price: 16,48 €/kg
Product: Rainbow Trio tapas 150g, Unit Price: 4,29 €, Comparison Price: 28,60 €/kg
Product: Delizie in Tavola 90g Salami Napoli leikkele, Unit Price: 3,39 €, Comparison Price: 37,67 €/kg
Product: Xtra graavilohiviipaleet 100 g, Unit Price: 3,49 €, Comparison Price: 34,90 €/kg
Product: Cavazzuti Salami Milano 100g, Unit Price: 2,99 €, Comparison Price: 29,90 €/kg
Product: Furlotti Bresaola 80g, Unit Price: 5,69 €, Comparison Price: 71,13 €/kg
Product: Rainbow 150g graavisuolattu kirjolohifilee viipaloitu, Unit Price: 4,89 €, Comparison Price: 32,60 €/kg
Product: Rainbow Chorizo 130g, Unit Price: 2,59 €, Comparison Price: 19,92 €/kg
Product: Delizie in Tavola 90g Salami Ungherese leikkele, Unit Price: 3,39 €, Comparison Price: 37,67 €/kg
Product: Snellman Prosciutto cotto 150g, Unit Price: 4,09 €, Comparison Price: 27,27 €/kg
Product: Argal Salchichón Regio Makkarasiivuja 100g, Unit Price: 2,19 €, Comparison Price: 21,90 €/kg
Product: Moomin Arabia Finland Muumi muki 0,3L Marjassa, Unit Price: 23,50 €, Comparison Price: 
Product: 6x Nestlé Nan 200ml Pro 2 maitopohjainen käyttövalmis vierotusvalmiste, Unit Price: 4,74 €, Comparison Price: 3,95 €/l
Product: Fage Total kreikkalainen jogurtti 5% 170g, Unit Price: 2,45 €, Comparison Price: 14,41 €/kg
Product: Ritter Sport Roasted Peanut Vegaanisuklaa 100g, Unit Price: 2,75 €, Comparison Price: 27,50 €/kg
Product: SINI sitruunahappo 600 g, Unit Price: 9,79 €, Comparison Price: 16,32 €/kg
Product: Method Puhdistussuihke puu 354ml, Unit Price: 6,69 €, Comparison Price: 18,90 €/l
Product: Best Friend Silvervine Kissan matatabi-lelu, lajitelma, Unit Price: 4,19 €, Comparison Price: 
Product: Best Friend Teaser 2in1 kissan onkilelu vaihtolelulla, Unit Price: 8,50 €, Comparison Price: 
Product: Best Friend Play kissan pallolelut, lajitelma, Unit Price: 1,99 €, Comparison Price: 
Product: Vitakraft kissan lelukeppi 2 kpl, Unit Price: 3,95 €, Comparison Price: 112,86 €/kpl
Product: Best Friend Lost Buddies CRAWLIES Kissan lelu lajitelma, Unit Price: 3,39 €, Comparison Price: 
Product: Best Friend Bait kissanminttulelu, vaihtolelu Teaser onkileluun, Unit Price: 3,89 €, Comparison Price: 
Product: Camon kissaminttulelu mikrosirulla, Unit Price: 5,99 €, Comparison Price: 
Product: Danish Design Catnip Duo kissanlelu 15cm, Unit Price: 4,99 €, Comparison Price: 
Product: Best Friend Active kissan lelu lajitelma, Unit Price: 1,99 €, Comparison Price: 
Product: M-Pets Natura Trio Wand kissan onkilelu, Unit Price: 2,45 €, Comparison Price: 
Product: Dogman kissalelu 5cm 3p höyhenpallot pinkki, Unit Price: 4,29 €, Comparison Price: 
Product: Best Friend Flipper Elektroninen, USB-ladattava kissan lelu, Unit Price: 13,99 €, Comparison Price: 
Product: Vitakraft Kissan tunneli, Unit Price: 9,95 €, Comparison Price: 
Product: Dogman Kissanlelu Nettan pallo vaaleanpunainen 5,5cm, Unit Price: 2,30 €, Comparison Price: 
Product: Dogman Kissanlelu Nettan pallo sininen 5,5cm, Unit Price: 2,30 €, Comparison Price: 
Product: Dogman raapimapuu 37x37x118cm, Unit Price: 69,95 €, Comparison Price: 
Product: Beeztees kissan raapimapallo DBL BALTY XL 30cm, Unit Price: 59,95 €, Comparison Price: 
Product: Xtra jälkiruokahaarukka 6 kpl, Unit Price: 5,25 €, Comparison Price: 0,88 €/kpl
Product: Melitta Anti Calc Bio Liquid 250ml kalkinpoistaja, Unit Price: 5,69 €, Comparison Price: 22,76 €/l
Product: Stor juomapullo Prinsessat 4 dl, Unit Price: 4,95 €, Comparison Price: 
Product: Bonne Tyrni-omenasose 0,5L, Unit Price: 3,49 €, Comparison Price: 6,98 €/l
Product: Smuuti Skin Watermelon Dew Toner Mist suihkutettava kasvovesi 100 ml, Unit Price: 12,95 €, Comparison Price: 129,50 €/l
Product: Lumene KLASSIKKO Virkistävä kasvovesi kaikille ihotyypeille 200ml, Unit Price: 4,15 €, Comparison Price: 20,75 €/l
Product: NIVEA 200ml Caring Toner -kasvovesi, Unit Price: 5,65 €, Comparison Price: 28,25 €/l
Product: Erisan Hajusteeton Alkoholiton Kasvovesi 200 ml, Unit Price: 4,99 €, Comparison Price: 24,95 €/l
Product: Lumene HERKKÄ Rauhoittava kasvovesi 200ml, Unit Price: 7,49 €, Comparison Price: 37,45 €/l
Product: Lumene HELLÄ Kosteuttava kasvovesi 200ml, Unit Price: 7,75 €, Comparison Price: 38,75 €/l
Product: Lumene PUHDAS Syväpuhdistava kasvovesi 200ml, Unit Price: 7,75 €, Comparison Price: 38,75 €/l
Product: Lumene KIRKAS Kirkastava kasvovesi 200ml, Unit Price: 6,99 €, Comparison Price: 34,95 €/l
Product: LV 250 ml Kasvovesi, Unit Price: 4,35 €, Comparison Price: 17,40 €/l
Product: NIVEA 200ml Refreshing Toner -kasvovesi, Unit Price: 5,65 €, Comparison Price: 28,25 €/l
Product: NIVEA 400ml Soothing Micellar Water -misellivesi, Unit Price: 6,99 €, Comparison Price: 17,47 €/l
Product: Änglamark kasvovesi 200 ml, Unit Price: 2,65 €, Comparison Price: 13,25 €/l
Product: L300 Balancing Toner with Prebiotic kasvovesi 200ml, Unit Price: 6,65 €, Comparison Price: 33,25 €/l
Product: Erisan+ Prebioottinen Kasvosuihke 100ml, Unit Price: 9,99 €, Comparison Price: 99,90 €/l
Product: Green Plum Refreshing kasvovesi, Unit Price: 19,95 €, Comparison Price: 133,00 €/l
Product: Neutrogena Blackhead Eliminating Cleansing Toner kasvovesi 200 ml, Unit Price: 6,85 €, Comparison Price: 34,25 €/l
Product: Lumene LÄHDE Kosteuttava Kasvosuihke 50ml, Unit Price: 10,45 €, Comparison Price: 209,00 €/l
Product: Mossa Youth Defence heleyttävä kasvovesi 200ml, Unit Price: 11,95 €, Comparison Price: 59,75 €/l
Product: Natuk Hydra Boost 200ml Kosteuttava hoitovesisuihke, Unit Price: 16,25 €, Comparison Price: 81,25 €/l
Product: NOB Bio tonic lotion, Unit Price: 3,85 €, Comparison Price: 19,25 €/l
Product: NIVEA 200ml Derma Skin Clear Toner -kasvovesi, Unit Price: 7,35 €, Comparison Price: 36,75 €/l
Product: Ziaja C.B3 vitamiini 1 % AHA+PHA kasvovesi 120 ml, Unit Price: 6,95 €, Comparison Price: 57,92 €/l
Product: Ziaja C.B3 vitamiini kasvosuihke 190 ml, Unit Price: 6,95 €, Comparison Price: 36,58 €/l
Product: Neutrogena Clear & Defend+ Liquid Exfoliant kuoriva kasvovesi 125 ml, Unit Price: 9,95 €, Comparison Price: 79,60 €/l
Product: Pingviini Suklaa-Nougat kermajäätelö kotipakkaus 1L/519g, Unit Price: 1,99 €, Comparison Price: 1,99 €/l
Product: Rainbow leivinarkki 38cmx42cm 24kpl, Unit Price: 0,92 €, Comparison Price: 0,04 €/kpl
Product: Fredman leivinarkki valkaisematon 38x42cm 24kpl, Unit Price: 1,69 €, Comparison Price: 0,07 €/kpl
Product: Meira Leivinjauhe 100g, Unit Price: 1,15 €, Comparison Price: 11,50 €/kg
Product: Fredman iso leivinarkki valkaisematon 40cmx50cm 18kpl, Unit Price: 2,09 €, Comparison Price: 0,12 €/kpl
Product: Xtra alumiinifolio 29 cm x 20 m, Unit Price: 1,33 €, Comparison Price: 0,07 €/m
Product: Meira Vaniljasokeri 85g, Unit Price: 2,39 €, Comparison Price: 28,12 €/kg
Product: Rainbow vahva tuorekelmu 29 cm x 30 m, Unit Price: 1,25 €, Comparison Price: 0,04 €/m
Product: Rainbow liivatelehti 20 g, Unit Price: 1,05 €, Comparison Price: 52,50 €/kg
Product: Fazer Tumma leivontasuklaa 200g, Unit Price: 3,79 €, Comparison Price: 18,95 €/kg
Product: Rainbow grillausalusta 28x22 cm 6 kpl, Unit Price: 2,25 €, Comparison Price: 0,38 €/kpl
Product: Spen grillitikkuja 30cm 100kpl, Unit Price: 0,99 €, Comparison Price: 0,01 €/kpl
Product: Fredman paistovuoka 1,7l 3kpl, Unit Price: 3,19 €, Comparison Price: 1,06 €/kpl
Product: Änglamark mantelijauho luomu 200 g, Unit Price: 4,49 €, Comparison Price: 22,45 €/kg
Product: Rainbow alumiinivuoka pyöreä 4kpl, Unit Price: 1,85 €, Comparison Price: 0,46 €/kpl
Product: Saana Tuoresuojahuppu 10kpl, Unit Price: 2,49 €, Comparison Price: 0,25 €/kpl
Product: Fredman pursotinpussi 10kpl + suutin 3kpl, Unit Price: 3,39 €, Comparison Price: 0,34 €/kpl
Product: Meira Kirjava strösseli 55g, Unit Price: 1,09 €, Comparison Price: 19,82 €/kg
Product: Fredman Amerikanmuffinsivuoka 24kpl, Unit Price: 3,29 €, Comparison Price: 0,14 €/kpl
Product: Coop koristerae kukka 55 g, Unit Price: 1,39 €, Comparison Price: 
Product: Fredman muffinsivuoka 100kpl, Unit Price: 1,59 €, Comparison Price: 0,02 €/kpl
Product: Coop koristerae dino 50 g, Unit Price: 1,39 €, Comparison Price: 
Product: Rainbow muffinivuoka 200kpl, Unit Price: 2,75 €, Comparison Price: 0,01 €/kpl
Product: Dr. Oetker Cupcake Mini vuoat 75kpl, Unit Price: 3,19 €, Comparison Price: 0,04 €/kpl
Product: Spen kuppikakkuvuoka 25kpl, Unit Price: 1,89 €, Comparison Price: 0,08 €/kpl
Product: OLVI KevytOlo Sitruuna mehukivennäisvesi 1,5 l kmp, Unit Price: 3,29 €, Comparison Price: 1,93 €/l
Product: 12 x OLVI KevytOlo Sitruuna mehukivennäisvesi 0,33 l kmp, Unit Price: 7,39 €, Comparison Price: 1,56 €/l
Product: 6-pack Bonaqua Juicy Villipäärynä Hiilihapollinen juoma tlk 0.33 L, Unit Price: 4,85 €, Comparison Price: 1,99 €/l
Product: KevytOlo Sitruuna mehukivennäisvesi 0,95 l kmp, Unit Price: 2,29 €, Comparison Price: 2,20 €/l
Product: OLVI KevytOlo Sitruuna mehukivennäisvesi 0,5 l kmp, Unit Price: 2,05 €, Comparison Price: 3,70 €/l
Product: 12xOLVI KevytOlo Verigreippi mehukivennäisvesi 0,33 l kmp, Unit Price: 7,39 €, Comparison Price: 1,56 €/l
Product: 12xKevytOlo Meloni-Päärynä mehukivennäisvesi 0,33 l kmp, Unit Price: 7,39 €, Comparison Price: 1,56 €/l
Product: 6-pack Bonaqua Juicy Villit Vatukat Hiilihapollinen juoma tlk 0.33 L, Unit Price: 4,85 €, Comparison Price: 1,99 €/l
Product: 12xKevytOlo Vadelma-Lime mehukivennäisvesi 0,33 l kmp, Unit Price: 7,39 €, Comparison Price: 1,56 €/l
Product: OLVI KevytOlo Verigreippi mehukivennäisvesi 1,5 l kmp, Unit Price: 3,29 €, Comparison Price: 1,93 €/l
Product: KevytOlo Vadelma-Lime mehukivennäisvesi  0,5 l kmp, Unit Price: 2,05 €, Comparison Price: 3,70 €/l
Product: Bonaqua Juicy Villipäärynä Hiilihapollinen juoma PET 1.5L, Unit Price: 3,29 €, Comparison Price: 1,93 €/l
Product: KevytOlo Meloni-Päärynä mehukivennäisvesi 0,5 l kmp, Unit Price: 2,05 €, Comparison Price: 3,70 €/l
Product: 6 x Hartwall Novelle Fresh Mango-Appelsiini kivennäisvesi 0,33 l, Unit Price: 5,19 €, Comparison Price: 2,17 €/l
Product: 6 x Hartwall Novelle Fresh Vadelma-Sitruuna kivennäisvesi 0,33 l, Unit Price: 5,19 €, Comparison Price: 2,17 €/l
Product: 6 x Hartwall Novelle Fresh Mustikka kivennäisvesi 0,33 l, Unit Price: 5,19 €, Comparison Price: 2,17 €/l
Product: Gosh! Mango Pineapple Soft Seltzer maustettu vesi 0,33l tlk, Unit Price: 1,69 €, Comparison Price: 4,67 €/l
Product: Gosh! Blueberry Soft Seltzer maustettu vesi 0,33l tlk, Unit Price: 1,69 €, Comparison Price: 4,67 €/l
Product: Omo Color Nestemäinen pyykinpesuaine Värillisille vaatteille 920 ml 23 pesua, Unit Price: 5,49 €, Comparison Price: 5,97 €/l
Product: Batiste Rose Gold Kuivashampoo 200ml, Unit Price: 3,99 €, Comparison Price: 19,95 €/l
Product: Fazer Fazerina -kakku 380g, kypsäpakaste, Unit Price: 8,29 €, Comparison Price: 21,82 €/kg
Product: Pepero Keksitikku Crunky 39g, Unit Price: 2,59 €, Comparison Price: 66,41 €/kg
Product: Airwick Freshmatic Duopack Freesia & Jasmin täyttö 2x250ML, Unit Price: 7,99 €, Comparison Price: 15,98 €/l
Product: A+ 1600ml Color Joutsenmerkki pyykinpesuneste, Unit Price: 4,99 €, Comparison Price: 3,12 €/l
Product: Veltie Wc-paperi 24RL valkoinen, Unit Price: 8,69 €, Comparison Price: 0,36 €/kpl
Product: Rainbow ECO lautanen 23cm 30kpl, Unit Price: 1,61 €, Comparison Price: 0,05 €/kpl
Product: Rainbow Eco syvä lautanen 350ml 25kpl, Unit Price: 1,75 €, Comparison Price: 0,07 €/kpl
Product: Rainbow Eco lautanen 18cm 40kpl, Unit Price: 1,00 €, Comparison Price: 0,03 €/kpl
Product: Rainbow eco muovilasi 250ml 25 kpl, Unit Price: 1,15 €, Comparison Price: 0,05 €/kpl
Product: Duni 8kpl 13,5cl Brilliance kuohuviinilasi, Unit Price: 3,15 €, Comparison Price: 0,39 €/kpl
Product: Mini-Maid Kartonkilautanen valkoinen 26cm FSC, Unit Price: 3,45 €, Comparison Price: 0,17 €/kpl
Product: Mini-Maid Kartonkilautanen ruskea 23x23cm valkaisematon kartonki FSC, Unit Price: 2,89 €, Comparison Price: 0,14 €/kpl
Product: Rainbow eco olutlasi 400ml 25 kpl, Unit Price: 1,85 €, Comparison Price: 0,07 €/kpl
Product: Smile sokeriruoko kulhot 500ml, 10 kpl, Unit Price: 1,89 €, Comparison Price: 0,19 €/kpl
Product: Smile sokeriruoko lautaset 26cm, 10 kpl, Unit Price: 2,15 €, Comparison Price: 0,22 €/kpl
Product: Mini-Maid 22cm lautanen ruskea, Unit Price: 1,99 €, Comparison Price: 0,10 €/kpl
Product: Mini-Maid Kartonkilautanen ruskea 18x18cm valkaisematon kartonki FSC, Unit Price: 1,99 €, Comparison Price: 0,10 €/kpl
Product: Mini-Maid Grillilautanen 16x19cm ruskea valkaisematonkartonki FSC, Unit Price: 2,45 €, Comparison Price: 0,12 €/kpl
Product: Smile sokeriruoko lautaset 18cm, 10 kpl, Unit Price: 1,29 €, Comparison Price: 0,13 €/kpl
Product: Huhtamaki kartonkilautanen 20x18cm Kesä, Unit Price: 2,29 €, Comparison Price: 0,11 €/kpl
Product: Mini-Maid Kartonkilautanen valkoinen 23x23cm FSC, Unit Price: 2,45 €, Comparison Price: 0,12 €/kpl
Product: Huhtamaki kartonkilautanen 20x22cm Kesä, Unit Price: 2,99 €, Comparison Price: 0,15 €/kpl
Product: Smile sokeriruoko lautaset 22cm, 10 kpl, Unit Price: 1,89 €, Comparison Price: 0,19 €/kpl
Product: Ecotime kuitulautanen ovaali 26x19cm 12kpl, Unit Price: 2,85 €, Comparison Price: 0,24 €/kpl
Product: Mini-Maid Syvä kartonkilautanen ruskea 500ml valkaisematon kartonki FSC, Unit Price: 2,95 €, Comparison Price: 0,15 €/kpl
Product: Huhtamaki kartonkinen grillirasia 10x950ml, Unit Price: 3,15 €, Comparison Price: 0,32 €/kpl
Product: Papstar Pure lautanen palmunlehti 23x2,5cm 6kpl, Unit Price: 4,49 €, Comparison Price: 0,75 €/kpl
Product: Duni Bio 27cl Sweet bagassikulho 10kpl x 8, Unit Price: 2,45 €, Comparison Price: 0,25 €/kpl
Product: Smile Bio Muovilasi 250ml, 20 kpl, Unit Price: 2,45 €, Comparison Price: 0,12 €/kpl
Product: Lumme Kirjopyykki pyykinpesuneste 750ml, Unit Price: 3,89 €, Comparison Price: 5,19 €/l
Product: Nora Disco Bits 200g, Unit Price: 2,39 €, Comparison Price: 11,95 €/kg
Product: Domestos Lime Vessanpuhdistus WC-raikastintikut IDO-WC-istuimiin 5x9,5g 5 kpl, Unit Price: 3,29 €, Comparison Price: 0,66 €/kpl
Product: Rainbow Donitsi 200g, Unit Price: 1,59 €, Comparison Price: 7,95 €/kg
Product: Hartwall Original Long Drink 5,5% 0,33 l, Unit Price: 2,90 €, Comparison Price: 8,33 €/l
Product: Xtra Greippilonkero 4,7% 0,5 l tlk, Unit Price: 1,89 €, Comparison Price: 3,48 €/l
Product: Xtra Kevyt Greippilonkero 4,7% 0,5 l tlk, Unit Price: 1,89 €, Comparison Price: 3,48 €/l
Product: Hartwall Original Long Drink 5,5% 0,5 l, Unit Price: 4,39 €, Comparison Price: 8,48 €/l
Product: 6 x Hartwall Original Long Drink 5,5% 0,33 l, Unit Price: 17,40 €, Comparison Price: 8,33 €/l
Product: Hartwall Original Long Drink White Label Grapefruit 5,5% 0,5 l, Unit Price: 4,39 €, Comparison Price: 8,48 €/l
Product: Helsinki Long Drink Gin&Pink Grapefruit 5,5% 0,33 l tlk, Unit Price: 2,99 €, Comparison Price: 8,61 €/l
Product: A. Le Coq Grapefruit alkoholiton lonkero 0,0 % 0,33 l tlk, Unit Price: 1,55 €, Comparison Price: 4,24 €/l
Product: Hartwall Original Long Drink 2,6% 0,43 l, Unit Price: 2,59 €, Comparison Price: 5,56 €/l
Product: Xtra wokmix vihannessekoitus pakaste 1 kg, Unit Price: 1,00 €, Comparison Price: 1,00 €/kg
Product: Hartwall Original Long Drink Grapefruit 0% 0,33 l, Unit Price: 1,89 €, Comparison Price: 5,27 €/l
Product: 12 x Hartwall Original Long Drink 5,5% 0,33 l, Unit Price: 34,80 €, Comparison Price: 8,33 €/l
Product: 6 x Hartwall Original Long Drink White Label Grapefruit 5,5% 0,33 l, Unit Price: 17,40 €, Comparison Price: 8,33 €/l
Product: A. Le Coq GIN&Grapefruit Long drink 5,5 % 0,5 l tlk, Unit Price: 3,95 €, Comparison Price: 7,60 €/l
Product: 6 x A. Le Coq GIN&Grapefruit Long Drink 5,5% 0,33 l tlk, Unit Price: 13,68 €, Comparison Price: 6,45 €/l
Product: 6 x A. Le Coq Grapefruit Long Drink 4,7% 0,33 l tlk, Unit Price: 10,92 €, Comparison Price: 5,06 €/l
Product: Laitilan Panama Gin 5,0% 0,33L ginipohjainen greipinmakuinen long drink, Unit Price: 2,79 €, Comparison Price: 8,00 €/l
Product: 6 x Rainbow Greippi Gin lonkero 5,5% 0,33 l tlk, Unit Price: 12,60 €, Comparison Price: 5,91 €/l
Product: 6-pack Koff Long Drink Juiced Grapefruit long drink 5,0 % tölkki 0,33 L, Unit Price: 15,48 €, Comparison Price: 7,36 €/l
Product: Rainbow Greippi 4,7% 0,5L greipinmakuinen lonkero, Unit Price: 2,29 €, Comparison Price: 4,28 €/l
Product: Maku Brewing Premium Gin Long Drink 5,0% 0.33l tölkki, Unit Price: 3,39 €, Comparison Price: 9,82 €/l
Product: 6 x Coop Grapefruit long drink light 5,5% 0,33 l tlk, Unit Price: 12,60 €, Comparison Price: 5,91 €/l
Product: 6 x Laitilan Panama Gin 5,0% 0,33L ginipohjainen greipinmakuinen long drink, Unit Price: 16,74 €, Comparison Price: 8,00 €/l
Product: Rainbow long drink greippi light 4,7% 0,5L, Unit Price: 2,29 €, Comparison Price: 4,28 €/l
Product: Rainbow lonkerojuoma light alkoholiton greipinmakuinen 1.5 l, Unit Price: 2,89 €, Comparison Price: 1,66 €/l
Product: Piltti 125g Bataattia, palsternakkaa ja kesäkurpitsaa lastenateria 4kk, Unit Price: 0,43 €, Comparison Price: 3,44 €/kg
Product: Piltti 125g Porkkanaa ja perunaa lastenateria 4kk, Unit Price: 0,42 €, Comparison Price: 3,36 €/kg
Product: Piltti 125g Kasviksia lastenateria 4kk, Unit Price: 0,42 €, Comparison Price: 3,36 €/kg
Product: Piltti Pohjoisen maut 90g Prinssi hedelmäsose 5kk annospussi, Unit Price: 1,05 €, Comparison Price: 11,67 €/kg
Product: Piltti 125g Maissia ja palsternakkaa lastenateria 4kk, Unit Price: 0,43 €, Comparison Price: 3,44 €/kg
Product: Luomu kurpitsa & porkkana, lisätty rautaa, 120 g, Unit Price: 0,89 €, Comparison Price: 7,42 €/kg
Product: Semper Maissia ja perunaa alkaen 4kk kasvissose 125g, Unit Price: 0,75 €, Comparison Price: 6,00 €/kg
Product: Piltti Luomu 125g Omenaa ja päärynää hedelmäsose 4kk, Unit Price: 0,99 €, Comparison Price: 7,92 €/kg
Product: Luomu kukkakaali, lisätty rautaa, 120 g, Unit Price: 0,89 €, Comparison Price: 7,42 €/kg
Product: Piltti Luomu 125g Omenaa ja persikkaa hedelmäsose 4kk, Unit Price: 0,99 €, Comparison Price: 7,92 €/kg
Product: LV 60ml Korjaava yövoide, Unit Price: 6,15 €, Comparison Price: 102,50 €/l
Product: Lumene KLASSIKKO Uudistava yövoide 50ml, Unit Price: 4,95 €, Comparison Price: 99,00 €/l
Product: Lumene KLASSIKKO Tasoittava yövoide 50ml, Unit Price: 7,99 €, Comparison Price: 159,80 €/l
Product: Lumene KLASSIKKO Rauhoittava yövoide 50ml, Unit Price: 6,65 €, Comparison Price: 133,00 €/l
Product: Lumene Klassikko Advanced Anti-Age Rosy Ravitseva yövoide 50 ml, Unit Price: 15,35 €, Comparison Price: 307,00 €/l
Product: NIVEA 50ml Anti-Wrinkle Contouring Night Cream 65+ -yövoide, Unit Price: 5,99 €, Comparison Price: 119,80 €/l
Product: Lumene KLASSIKKO Advanced Anti-Age Elvyttävä Yövoide 50ml, Unit Price: 13,90 €, Comparison Price: 278,00 €/l
Product: NIVEA 50ml Q10 Power Anti-Wrinkle Replenishing Night Cream -yövoide, Unit Price: 10,95 €, Comparison Price: 219,00 €/l
Product: L300 Hyaluronic Renewal Anti-Age Night Cream yövoide 50ml, Unit Price: 14,85 €, Comparison Price: 297,00 €/l
Product: L300 Pro-Retinol Intense Recovery Night Cream fragrance free hajusteeton yövoide 50ml, Unit Price: 19,75 €, Comparison Price: 395,00 €/l
Product: L'Oréal Paris Revitalift ryppyjä silottava ja ihoa kiinteyttävä yövoide 50ml, Unit Price: 8,95 €, Comparison Price: 179,00 €/l
Product: Mossa YOUTH DEFENCE Restoring yövoide, 50ml, Unit Price: 12,95 €, Comparison Price: 259,00 €/l
Product: L'Oréal Paris Age Perfect Golden Age Night vahvistava ja kaunistava yövoide 50ml, Unit Price: 13,95 €, Comparison Price: 279,00 €/l
Product: L'Oréal Paris Triple Active kosteuttava yövoide 50ml, Unit Price: 5,95 €, Comparison Price: 119,00 €/l
Product: L'Oréal Paris Age Perfect Night kosteuttava & kiinteyttävä yövoide ikääntyvälle iholle 50ml, Unit Price: 12,95 €, Comparison Price: 259,00 €/l
Product: NIVEA 50ml Anti-Wrinkle Revitalizing Night Cream 55+ -yövoide, Unit Price: 5,99 €, Comparison Price: 119,80 €/l
Product: Erisan Hajusteeton Uudistava Yövoide 75 ml, Unit Price: 7,59 €, Comparison Price: 101,20 €/l
Product: Carrefour Soft Q10 Night Cream yövoide 50 ml, Unit Price: 3,65 €, Comparison Price: 73,00 €/l
Product: NIVEA 50ml Q10 Anti-Wrinkle Extra Nourish Night Cream -yövoide, Unit Price: 12,95 €, Comparison Price: 259,00 €/l
Product: URTEKRAM Luomu Dare to Dream Ageless Yövoide 50 ml, Unit Price: 8,65 €, Comparison Price: 173,00 €/l
Product: Pedigree DentaStix Medium Monipakkaus 4x180g, Unit Price: 10,09 €, Comparison Price: 14,01 €/kg
Product: Hau-Hau Champion Kevytrulla 13 cm, 3 kpl, 105 g, Unit Price: 2,29 €, Comparison Price: 21,81 €/kg
Product: Kotimaista 1 kg Maustamaton AB jogurtti laktoositon, Unit Price: 1,69 €, Comparison Price: 1,69 €/kg
Product: Kotimaista 1 kg Maustamaton jogurtti laktoositon, Unit Price: 1,65 €, Comparison Price: 1,65 €/kg
Product: Kotimaista 1kg Rasvaton Maustamaton vähälaktoosinen jogurtti, Unit Price: 1,65 €, Comparison Price: 1,65 €/kg
Product: Valio A+™ luonnonjogurtti 1 kg rasvaton laktoositon, Unit Price: 2,49 €, Comparison Price: 2,49 €/kg
Product: Valio A+™ luonnonjogurtti 1 kg laktoositon, Unit Price: 2,49 €, Comparison Price: 2,49 €/kg
Product: Valio A+™ luonnonjogurtti ja marjamysli 200 g laktoositon, Unit Price: 1,65 €, Comparison Price: 8,25 €/kg
Product: Valio A+™ kreikkalainen luonnonjogurtti 1 kg laktoositon, Unit Price: 3,65 €, Comparison Price: 3,65 €/kg
Product: Valio A+™ luonnonjogurtti 1 kg täyteläinen laktoositon, Unit Price: 2,49 €, Comparison Price: 2,49 €/kg
Product: Valio A+™ luonnonjogurtti 150 g laktoositon, Unit Price: 0,89 €, Comparison Price: 5,93 €/kg
Product: Valio A+™ kreikkalainen luonnonjogurtti 1 kg rasvaton laktoositon, Unit Price: 3,65 €, Comparison Price: 3,65 €/kg
Product: Kotimaista maustamaton AB-jogurtti 150 g laktoositon, Unit Price: 0,65 €, Comparison Price: 4,33 €/kg
Product: Valio Bulgarian jogurtti 200 g, Unit Price: 0,98 €, Comparison Price: 4,90 €/kg
Product: Juustoportti Vapaan lehmän AB-luonnonjogurtti 1 kg maustamaton laktoositon, Unit Price: 2,89 €, Comparison Price: 2,89 €/kg
Product: Arla Maustamaton rasvaton AB-jogurtti 1 kg laktoositon, Unit Price: 2,15 €, Comparison Price: 2,15 €/kg
Product: Valio Bulgarian jogurtti 400 g, Unit Price: 1,89 €, Comparison Price: 4,72 €/kg
Product: Valio Gefilus® Kefir juotava välipala 1 kg maustamaton laktoositon, Unit Price: 2,99 €, Comparison Price: 2,99 €/kg
Product: Kotimaista Bulgarian jogurtti 150g, Unit Price: 0,69 €, Comparison Price: 4,60 €/kg
Product: Juustoportti AB-jogurtti 1 kg rasvaton maustamaton laktoositon, Unit Price: 2,79 €, Comparison Price: 2,79 €/kg
Product: Valio lohkeava luonnonjogurtti 150 g laktoositon, Unit Price: 1,19 €, Comparison Price: 7,93 €/kg
Product: Valio Luomu™ luonnonjogurtti 1 kg laktoositon, Unit Price: 2,95 €, Comparison Price: 2,95 €/kg
Product: Valio Hyvä suomalainen Arki® jogurtti 1 kg maustamaton, Unit Price: 1,48 €, Comparison Price: 1,48 €/kg
Product: Kotimaista AB-Luomujogurtti 1kg maustamaton, Unit Price: 2,78 €, Comparison Price: 2,78 €/kg
Product: Valiojogurtti® 1 kg maustamaton laktoositon, Unit Price: 1,99 €, Comparison Price: 1,99 €/kg
Product: Valio A+™ wanhanajan luonnonjogurtti 1 kg, Unit Price: 2,49 €, Comparison Price: 2,49 €/kg
Product: LU Bastogne keksi 200g, Unit Price: 2,35 €, Comparison Price: 11,75 €/kg
Product: Boltsi Texmex kaura-siemenpyörykkä 230 g, Unit Price: 2,49 €, Comparison Price: 10,83 €/kg
Product: Glade 180g Sandalwood & Jasmine Hyytelö, Unit Price: 3,49 €, Comparison Price: 19,39 €/kg
Product: Joanna Power men hiusväri 01 musta permanent, Unit Price: 3,39 €, Comparison Price: 
Product: Myllyn Paras Lehtitaikinalevyjä 500g pakaste, Unit Price: 1,59 €, Comparison Price: 3,18 €/kg
Product: Havi lautasliina tissue vaaleansininen 33cm 20kpl, Unit Price: 1,01 €, Comparison Price: 0,05 €/kpl
Product: Oreo Jäätelö 825ml/438g, Unit Price: 3,99 €, Comparison Price: 4,84 €/l
Product: Batiste Original Mini Kuivashampoo 50ml, Unit Price: 2,29 €, Comparison Price: 45,80 €/l
Product: Prosec magneettikiinnike varoittimelle, Unit Price: 2,20 €, Comparison Price: 
Product: Fazer Pizzataikina 4kpl 600g raakapakaste, Unit Price: 2,65 €, Comparison Price: 4,42 €/kg
Product: Leader Performance ravintolisävalmiste CLA+ 800 mg 100 kaps, Unit Price: 14,95 €, Comparison Price: 0,15 €/kpl
Product: Rainbow Sitrus sokeriton virvoitusjuoma 0,5l, Unit Price: 0,95 €, Comparison Price: 1,50 €/l
Product: Naturdiet RTD Maapähkinä Toffee Shake 330ml, Unit Price: 1,99 €, Comparison Price: 6,03 €/l
Product: Nutrilett Chocolate Crunch & Sea Salt bar Suklaacrunchpatukka merisuolalla atreriankorvikepatukka 60g, Unit Price: 2,15 €, Comparison Price: 35,83 €/kg
Product: Kulta Katriina pikakahvi RAC 180g, Unit Price: 6,85 €, Comparison Price: 38,06 €/kg
Product: Apetit 250ml rypsiöljy valkosipuli-basilika, Unit Price: 2,20 €, Comparison Price: 8,80 €/l
Product: Rainbow valkoinen pöytäkynttilä 1 kpl 6x10cm, Unit Price: 1,85 €, Comparison Price: 
Product: Xtra pikakahvi 200 g, Unit Price: 3,99 €, Comparison Price: 19,95 €/kg
Product: Keiju sitruuna rypsiöljyspray 200 ml, Unit Price: 4,29 €, Comparison Price: 21,45 €/l
Product: Marabou Daim XL Cookies 184g, Unit Price: 3,09 €, Comparison Price: 16,79 €/kg
Product: Havi pöytäkynttilä 70x150 Valkoinen 70h, Unit Price: 3,65 €, Comparison Price: 
Product: Apetit 250ml rypsiöljy sitruuna-basilika, Unit Price: 2,20 €, Comparison Price: 8,80 €/l
Product: Taffel Sips suolattu sipsi 145g, Unit Price: 0,89 €, Comparison Price: 6,14 €/kg
Product: Rainbow pöytäkynttilä 60x100mm shampanja, Unit Price: 1,85 €, Comparison Price: 
Product: Wella Wellaflex Hairspray Ultra Strong Flexible Hold 5 hiuskiinne 250 ml, Unit Price: 4,99 €, Comparison Price: 19,96 €/l
Product: Neito 250ml puristettu rypsiöljy voin maku, Unit Price: 1,95 €, Comparison Price: 7,80 €/l
Product: Muteman Premium Indian Tonic vesi 0,275 l klp, Unit Price: 1,85 €, Comparison Price: 6,36 €/l
Product: Hartwall Jaffa Greippi Sokeriton virvoitusjuoma 1,5 l, Unit Price: 2,99 €, Comparison Price: 1,73 €/l
Product: Änglamark pikakahvi kofeiiniton luomu 100 g, Unit Price: 4,39 €, Comparison Price: 43,90 €/kg
Product: Taffel Broadway sourcream & onion maustettu sipsi 75g, Unit Price: 1,19 €, Comparison Price: 15,87 €/kg
Product: Jesse Chipotle Ranch 175ml, Unit Price: 1,95 €, Comparison Price: 11,14 €/l
Product: Naturdiet VLCD caffè mocha proteiinikahvi 330ml, Unit Price: 2,05 €, Comparison Price: 6,21 €/l
Product: 24-pack Fanta Sitruuna Zero virvoitusjuoma muovipullo 0.33 L, Unit Price: 13,49 €, Comparison Price: 1,40 €/l
Product: Santa Maria Tortilla Original Medium Vehnätortilla Luomu 8 kpl 320 g, Unit Price: 2,85 €, Comparison Price: 8,91 €/kg
Product: Brabe kombucha minttu & lime 250ml Porvoosta, Unit Price: 3,05 €, Comparison Price: 12,20 €/l
Product: Rainbow Tonic Light virvoitusjuoma 1,5l, Unit Price: 2,49 €, Comparison Price: 1,39 €/l
Product: Löfbergs Fair Fresh Instant pikakahvi 100 g Reilukauppa Luomu, Unit Price: 6,89 €, Comparison Price: 68,90 €/kg
Product: Nescafé Gold 100g kofeiiniton pikakahvi, Unit Price: 6,65 €, Comparison Price: 66,50 €/kg
Product: Semper gluteeniton Cafe Style cookies salted caramel, 150g, Unit Price: 4,45 €, Comparison Price: 29,67 €/kg
Product: Atria Possu-Nauta Jauheliha 300g, Unit Price: 2,59 €, Comparison Price: 8,63 €/kg
Product: Marabou Cookie Loop cookies 156g, Unit Price: 3,29 €, Comparison Price: 18,69 €/kg
Product: Rana 140g Tuore Pestokastike, Unit Price: 2,89 €, Comparison Price: 20,64 €/kg
Product: Kantolan gluteeniton kaurakeksi suklaa 150g, Unit Price: 3,99 €, Comparison Price: 26,60 €/kg
Product: Wewalka XL pizzataikina 550g, Unit Price: 2,99 €, Comparison Price: 5,44 €/kg
Product: Lay's suolattu perunalastu 175g, Unit Price: 2,39 €, Comparison Price: 13,66 €/kg
Product: Bolsius Pilari kynttilä 200/100 ce1 White, Unit Price: 2,25 €, Comparison Price: 
Product: Bonne Omena-päärynä-vaniljasose 0,5L, Unit Price: 3,39 €, Comparison Price: 6,78 €/l
Product: Havi pöytäkynttilä nougat 7x12cm 1kpl 50 h, Unit Price: 3,19 €, Comparison Price: 
Product: mjuuk hairspray strong hiuskiinne 50 ml, Unit Price: 3,49 €, Comparison Price: 69,80 €/l
Product: Atria Kevyt Jauheliha 9,5% 400g, Unit Price: 3,95 €, Comparison Price: 9,88 €/kg
Product: Neito Puristettu pehmeä ja hieno rypsiöljy 500ml, Unit Price: 2,08 €, Comparison Price: 4,16 €/l
Product: Fanta Sitruuna Zero virvoitusjuoma muovipullo 1,5 L, Unit Price: 1,60 €, Comparison Price: 0,80 €/l
Product: Nutrilett VLCD Chicken Soup Painonhallintaan tarkoitettu erittäin niukkaenergiainen ruokavalionkorvike kanakeitto 10x35g, Unit Price: 18,85 €, Comparison Price: 53,86 €/kg
Product: Nutrilett Cocoa & Oat vähälaktoosinen VLCD valmis kaakao&kauramaitopirtelö  330ml, Unit Price: 2,25 €, Comparison Price: 6,82 €/l
Product: Old El Paso 10kpl/208g White Corn Tortillat gluteeniton, Unit Price: 3,59 €, Comparison Price: 17,26 €/kg
Product: Keiju sitruuna, basilika yrttiöljy 250ml, Unit Price: 3,15 €, Comparison Price: 12,60 €/l
Product: Coop paisto- ja friteerausöljy 2 l, Unit Price: 3,75 €, Comparison Price: 1,88 €/l
Product: Gullón Chip choco 130g Gluteeniton, Unit Price: 1,85 €, Comparison Price: 14,23 €/kg
Product: 6-pack Sprite Zero virvoitusjuoma tölkki 0.33 L, Unit Price: 4,69 €, Comparison Price: 1,91 €/l
Product: Semper Gluteeniton Kaurakeksi, Unit Price: 3,49 €, Comparison Price: 23,27 €/kg
Product: Sevan Guacamole 150g, Unit Price: 2,99 €, Comparison Price: 19,93 €/kg
Product: Fazer Dumle Cookies gluteeniton 140g, Unit Price: 4,49 €, Comparison Price: 32,07 €/kg
Product: Nutrilett VLCD Creamy Chocolate Banana shake Valmis pirtelö 330ml, Unit Price: 2,25 €, Comparison Price: 6,82 €/l
Product: Estrella Sourcream & Ranch Sipsi 275g, Unit Price: 2,99 €, Comparison Price: 10,87 €/kg
Product: Fazer Korvapuustikeksi 270g, Unit Price: 2,49 €, Comparison Price: 9,22 €/kg
Product: Tolonen SaltBalans Super 100tabl, Unit Price: 9,49 €, Comparison Price: 0,09 €/kpl
Product: Eriks Såser Bearnaise kastike 230ml, Unit Price: 2,95 €, Comparison Price: 13,59 €/kg
Product: Nutrilett Milk Chocolate & Creamy Caramel bar ateriankorvikepatukka suklaakuorrutuksella 60g, Unit Price: 2,15 €, Comparison Price: 35,83 €/kg
Product: SafeMate optinen palovaroitin 10 vuoden paristolla, Unit Price: 11,90 €, Comparison Price: 
Product: mjuuk hairspray medium hiuskiinne 250 ml, Unit Price: 6,49 €, Comparison Price: 25,96 €/l
Product: Puhdistamo Tripla Magnesium 120 kapselia, Unit Price: 18,95 €, Comparison Price: 0,16 €/kpl
Product: Rainbow magnesium 250 mg ravintolisä 110 g/100 kpl, Unit Price: 3,20 €, Comparison Price: 0,03 €/kpl
Product: Friggs magnesium poretabletti 20kpl Sitruuna, Unit Price: 2,30 €, Comparison Price: 0,12 €/kpl
Product: Magnesia Sitraatti magnesiumsitraattitabletti 160 tabl, Unit Price: 7,99 €, Comparison Price: 0,05 €/kpl
Product: Magnesia 375 pureskeltava magnesiumtabletti 140 tabl, Unit Price: 6,59 €, Comparison Price: 0,05 €/kpl
Product: Sana-sol magnesiumsitraatti 300mg+B6-vitamiini appelsiininmakuinen magnesium-B6-vitamiiniporetabletti ravintolisä 12 poretablettia, Unit Price: 4,15 €, Comparison Price: 0,35 €/kpl
Product: Sevan Hummus Valkosipuli 150g, Unit Price: 2,59 €, Comparison Price: 17,27 €/kg
Product: Sana-sol Magnesiumsitraatti + B6 vitamiinitabletti ravintolisä 120tabl, Unit Price: 8,59 €, Comparison Price: 0,07 €/kpl
Product: Puhdistamo Tripla Magnesium 60 kapselia, Unit Price: 10,95 €, Comparison Price: 0,18 €/kpl
Product: Makrobios Quantum magnesium 60kpl 50g, Unit Price: 8,95 €, Comparison Price: 0,15 €/kpl
Product: Magnesan Magnesiumkelaattitabletti 100 tabl, Unit Price: 4,95 €, Comparison Price: 0,05 €/kpl
Product: Puhdistamo Ilta Magnesium 120 kapselia, Unit Price: 18,95 €, Comparison Price: 0,16 €/kpl
Product: Sana-sol Magnesiumsitraatti+B6-vitamiini sitruunanmakuinen purutabletti ravintolisä 100tabl, Unit Price: 8,59 €, Comparison Price: 0,09 €/kpl
Product: Magnex sitraatti + B6- vitamiini 100 tabl., Unit Price: 10,49 €, Comparison Price: 0,10 €/kpl
Product: Vire Magnesium 375 mg 90 tablettia / 68 g, Unit Price: 6,90 €, Comparison Price: 0,08 €/kpl
Product: Magnex 375 mg 180 tabl., magnesiumtabletti, Vitabalans, Unit Price: 8,95 €, Comparison Price: 0,05 €/kpl
Product: Diasporal appelsiininmakuinen magnesium juomajauhe 300mg ravintolisä 100g/20kpl, Unit Price: 11,95 €, Comparison Price: 0,60 €/kpl
Product: Magnesia Passion Puru Sitraatti 300 Magnesiumsitraattitabletti
90 tabl, Unit Price: 9,95 €, Comparison Price: 0,11 €/kpl
Product: Diasporal sitruunanmakuinen magnesium-annosrae 300mg Direkt ravintolisä 27g/20kpl, Unit Price: 12,25 €, Comparison Price: 0,61 €/kpl
Product: Puhdas+  Quattro Magnesium 120 kaps, Unit Price: 16,65 €, Comparison Price: 0,14 €/kpl
Product: Puhdistamo Tripla Magnesiumjauhe 90 g, Unit Price: 19,45 €, Comparison Price: 216,11 €/kg
Product: SportLife Nutrition Magnesium Citrate 100 kaps, Unit Price: 11,45 €, Comparison Price: 0,11 €/kpl
Product: Vire Magnesiumvalmiste magnesium 375 mg purutabletti 120 tablettia / 144 g, Unit Price: 6,95 €, Comparison Price: 0,06 €/kpl
Product: Magnex Sitraatti 375 mg + B6 puru 100 tabl/205g., kotimainen, sitruunanmakuinen magnesiumsitraatti-B6-vitamiini purutabletti, Vitabalans, Unit Price: 9,95 €, Comparison Price: 0,10 €/kpl
Product: Puhdistamo Energia Magnesium 120 kaps, Unit Price: 19,95 €, Comparison Price: 0,17 €/kpl
Product: Nutrilett VLCD Rich Chocolate Flavoured Shake suklaanmakuinen pirtelö 10x35g, Unit Price: 20,59 €, Comparison Price: 58,83 €/kg
Product: Keiju D-vitaminoitu rypsiöljy 500 ml, Unit Price: 2,99 €, Comparison Price: 5,98 €/l
Product: Nutrilett Toffee Fudge maitosuklaa-karamellipatukka 40g, Unit Price: 2,15 €, Comparison Price: 53,75 €/kg
Product: House juomapurkki Terttu 0,45 l, Unit Price: 2,95 €, Comparison Price: 
Product: House juomakanisteri Dots 3,5 l, Unit Price: 7,50 €, Comparison Price: 
Product: House juomapurkki Sydän 0,45 l, Unit Price: 2,95 €, Comparison Price: 
Product: House juomapurkki Pääkallo 4,5 dl, Unit Price: 2,50 €, Comparison Price: 
Product: Luminarc olutlasi Nonic 58 cl, Unit Price: 3,50 €, Comparison Price: 
Product: Iittala Essence malja 31cl 2kpl, Unit Price: 35,50 €, Comparison Price: 17,75 €/kpl
Product: Luminarc olutlasi Linz 39 cl, Unit Price: 3,50 €, Comparison Price: 
Product: Luminarc olutlasi Willy Becher 48 cl, Unit Price: 3,50 €, Comparison Price: 
Product: Iittala Essence olutlasi 48cl kirkas 2kpl, Unit Price: 33,50 €, Comparison Price: 16,75 €/kpl
Product: Luminarc Cervoise olutlasi 50cl, Unit Price: 3,90 €, Comparison Price: 
Product: Lav olutlasi Misket 40 cl 6 kpl, Unit Price: 10,90 €, Comparison Price: 1,82 €/kpl
Product: Lav snapsilasi Aras 4,5 cl 6 kpl, Unit Price: 5,50 €, Comparison Price: 0,92 €/kpl
Product: Luminarc kuumajuomalasi Nuevo 25 cl, Unit Price: 2,90 €, Comparison Price: 
Product: Lav olutlasi Noniq 57 cl 6 kpl, Unit Price: 8,90 €, Comparison Price: 1,48 €/kpl
Product: RCR cocktailmalja Tattoo 27 cl 6 kpl, Unit Price: 25,50 €, Comparison Price: 4,25 €/kpl
Product: Cristal d'Arques aromilasi Longchamp 32 cl 6 kpl, Unit Price: 31,50 €, Comparison Price: 5,25 €/kpl
Product: Luminarc kuumajuomalasi Flashy 25 cl, Unit Price: 3,50 €, Comparison Price: 
Product: Muurla Muumi lasimuki Niiskuneiti 3,5dl, Unit Price: 12,50 €, Comparison Price: 
Product: Muurla Muumi lasimuki Pikku Myy 3,5dl kirkas, Unit Price: 12,50 €, Comparison Price: 
Product: Muurla Muumi lasimuki Muumipeikko 3,5dl, Unit Price: 12,50 €, Comparison Price: 
Product: Luminarc aromilasi 25cl, Unit Price: 3,20 €, Comparison Price: 
Product: RCR snapsilasi Timeless 8cl, Unit Price: 15,90 €, Comparison Price: 2,65 €/kpl
Product: Luminarc kuumajuomalasi Flashy 25 cl, Unit Price: 3,50 €, Comparison Price: 
Product: Muurla Muumi lasimuki Nuuskamuikkunen 3,5dl, Unit Price: 12,50 €, Comparison Price: 
Product: Brewers Indian Tonic Sugarfree 0,33l, Unit Price: 1,49 €, Comparison Price: 4,06 €/l
Product: Risella valmisriisi basmati 200g, Unit Price: 1,79 €, Comparison Price: 8,95 €/kg
Product: Risella valmisriisi jasmiini 200g, Unit Price: 1,79 €, Comparison Price: 8,95 €/kg
Product: Risella basmatiriisi lime-korianteri 200g valmisriisi, Unit Price: 1,79 €, Comparison Price: 8,95 €/kg
Product: Risella Basmatiriisi kookos-sitruunaruoho 200g valmisriisi, Unit Price: 1,79 €, Comparison Price: 8,95 €/kg
Product: Risella valmisriisi basmati Garam Masala 200g, Unit Price: 1,69 €, Comparison Price: 8,45 €/kg
Product: Ben's Original Valmisriisi Meksikolaiseen tapaan 220g, Unit Price: 2,05 €, Comparison Price: 9,32 €/kg
Product: Ben's Original Valmisriisi paahdetulla valkosipulilla 220g, Unit Price: 2,05 €, Comparison Price: 9,32 €/kg
Product: Ben's Original Jasmiini & basmati valmisriisi 220g, Unit Price: 2,05 €, Comparison Price: 9,32 €/kg
Product: Risella Välimeren riisi 200g valmisriisi, Unit Price: 1,79 €, Comparison Price: 8,95 €/kg
Product: Risella valmis punainen & valkoinen kvinoaseos 200g, Unit Price: 1,79 €, Comparison Price: 8,95 €/kg
Product: Ben's Original Thai sweet chili valmisriisi 220g, Unit Price: 2,05 €, Comparison Price: 9,32 €/kg
Product: Ben's Original Valmisriisi kasviksilla 220g, Unit Price: 2,05 €, Comparison Price: 9,32 €/kg
Product: Ben's Original Välimeren tapaan valmisriisi 220g, Unit Price: 2,05 €, Comparison Price: 9,32 €/kg
Product: Ben's Original Tulinen valmisriisi meksikolaiseen tapaan 220g, Unit Price: 2,05 €, Comparison Price: 9,32 €/kg
Product: Ben's Original Paistettu valmisriisi Thai tapaan 220g, Unit Price: 2,05 €, Comparison Price: 9,32 €/kg
Product: Ben's Original Pitkäjyväinen valmisriisi 220g, Unit Price: 2,05 €, Comparison Price: 9,32 €/kg
Product: Rainbow Mikrokuituliina 3kpl, Unit Price: 1,89 €, Comparison Price: 0,63 €/kpl
Product: Xtra siivousliina 10 kpl, Unit Price: 1,59 €, Comparison Price: 0,16 €/kpl
Product: McLean mikrokuituliinojen setti 32x32cm, 4kpl/pkt, Unit Price: 2,95 €, Comparison Price: 0,74 €/kpl
Product: Swiffer Duster pölyhuiska 10kpl täyttöpakkaus, Unit Price: 10,50 €, Comparison Price: 1,05 €/kpl
Product: Fibra Mainio monikäyttöpyyhe 22kpl 39x39cm, Unit Price: 3,59 €, Comparison Price: 0,16 €/kpl
Product: Xtra mikrokuituliina 2 kpl, Unit Price: 1,39 €, Comparison Price: 
Product: Fredman Kodin kuituliina 30x50cm, Unit Price: 3,89 €, Comparison Price: 0,19 €/kpl
Product: Sini pölymiekka 59cm taivuteltava mikrokuitua, Unit Price: 6,69 €, Comparison Price: 
Product: Sini Ikkunaliina mikrokuitua 30x30 cm, Unit Price: 3,19 €, Comparison Price: 
Product: TREND MIKROKUITULIINA 8KPL, Unit Price: 5,69 €, Comparison Price: 0,71 €/kpl
Product: Wettex Microfibre Soft 3in1 mikrokuituliina 2 kpl, Unit Price: 4,09 €, Comparison Price: 2,05 €/kpl
Product: Sini Wc-liina mikrokuitua 30x30 cm, Unit Price: 3,19 €, Comparison Price: 
Product: Sini Yleisliina mikrokuitua 30x30 cm, Unit Price: 3,19 €, Comparison Price: 
Product: Sini Kylppäriliina mikrokuitua 30x30 cm, Unit Price: 5,89 €, Comparison Price: 
Product: Swiffer Duster Starter Kit kahva + 5 pölyhuiskaa, Unit Price: 6,39 €, Comparison Price: 
Product: Aino pölyhuiska sateenkaari, Unit Price: 2,79 €, Comparison Price: 
Product: McLean mikrokuituliina lasipinnoille 40x40cm, Unit Price: 1,29 €, Comparison Price: 
Product: Akro mikrokuituliina hankauskulmalla 2kpl, Unit Price: 2,95 €, Comparison Price: 1,48 €/kpl
Product: Saima pölyhuiska teleskoppiivarrella mikrokuitua, Unit Price: 3,95 €, Comparison Price: 
Product: Premium ikkuna- ja kiillotusliina, Unit Price: 2,49 €, Comparison Price: 
Product: Taikasieni®-liina, Unit Price: 2,69 €, Comparison Price: 
Product: Yleispuhdistusliinat 30 kpl vihreä väri, Unit Price: 9,95 €, Comparison Price: 0,33 €/kpl
Product: Scrub Daddy Damp Duster, Unit Price: 4,49 €, Comparison Price: 
Product: Mr.Eco Monikäyttöliina bambu 32x35cm, Unit Price: 3,29 €, Comparison Price: 
Product: Hartwall Jaffa Appelsiini Sokeriton virvoitusjuoma 1,5 l, Unit Price: 2,75 €, Comparison Price: 1,57 €/l
Product: Hartwall Jaffa Appelsiini virvoitusjuoma 0,5 l, Unit Price: 2,29 €, Comparison Price: 4,18 €/l
Product: Joanna Multi color cream hiusväri 39 Nut brown permanent, Unit Price: 3,15 €, Comparison Price: 
Product: Amaretti-keksit sitruuna, Brezzo, Unit Price: 6,69 €, Comparison Price: 44,60 €/kg
Product: Bolsius Lyhtykynttilä 3,5 Valkoinen, Unit Price: 1,59 €, Comparison Price: 
Product: Rainbow lyhtykynttilä valkoinen 5 kpl 15 h, Unit Price: 1,19 €, Comparison Price: 0,24 €/kpl
Product: Rainbow pieni lyhtykynttilä 15kpl valkoinen, Unit Price: 3,95 €, Comparison Price: 0,26 €/kpl
Product: Rainbow lyhtykynttilä 4kpl valkoinen, Unit Price: 1,59 €, Comparison Price: 0,40 €/kpl
Product: Xtra ulkotuli 4 kpl, Unit Price: 3,29 €, Comparison Price: 0,82 €/kpl
Product: Havi hautakynttilä refill 6kpl 24h, Unit Price: 7,25 €, Comparison Price: 1,21 €/kpl
Product: Havi Pihavalkea 13cm 1kpl 9 h, Unit Price: 3,95 €, Comparison Price: 
Product: Rainbow iso ulkotuli 8-10h, Unit Price: 2,55 €, Comparison Price: 
Product: Puutarhakynttilä 2kpl lajitelma, Unit Price: 2,85 €, Comparison Price: 1,43 €/kpl
Product: Ulkokynttilä ämpärissä w/lid 20 h lime, Unit Price: 12,50 €, Comparison Price: 
Product: Ulkokynttilä ämpärissä w/lid 20 h pinkki, Unit Price: 12,50 €, Comparison Price: 
Product: Ulkokynttilä foliossa pinkki 2 kpl, Unit Price: 3,65 €, Comparison Price: 1,83 €/kpl
Product: Ulkokynttilä foliossa vaal.vihreä 2 kpl, Unit Price: 3,65 €, Comparison Price: 1,83 €/kpl
Product: Ulkokynttilä ämpärissä w/lid 20 h vaal.vihreä, Unit Price: 12,50 €, Comparison Price: 
Product: Ulkokynttilä ämpärissä w/lid 20 h sininen, Unit Price: 12,50 €, Comparison Price: 
Product: Ulkokynttilä foliossa lime 2 kpl, Unit Price: 3,65 €, Comparison Price: 1,83 €/kpl
Product: Kara 200ml kookoskerma 24%, Unit Price: 1,35 €, Comparison Price: 6,75 €/l
Product: Coop Asia kookoskerma 250 ml, Unit Price: 1,40 €, Comparison Price: 5,60 €/l
Product: VietCoco kookoskerma 22-24% 400ml, Unit Price: 1,89 €, Comparison Price: 4,72 €/l
Product: Spice Up! Kookoskerma 165ml, Unit Price: 1,19 €, Comparison Price: 7,21 €/l
Product: Valio kevyempi pizzajuusto 17 % e150 g raaste, Unit Price: 2,75 €, Comparison Price: 18,33 €/kg
Product: Spice Up! Kookoskerma 165ml, Unit Price: 0,49 €, Comparison Price: 2,97 €/l
Product: Marabou KEX suklaapatukka 50g, Unit Price: 0,65 €, Comparison Price: 13,00 €/kg
Product: Valio Viola® kevyt e200 g yrtti tuorejuusto laktoositon, Unit Price: 1,29 €, Comparison Price: 6,45 €/kg
Product: Rainbow Appelsiini Sokeriton virvoitusjuoma 1,5 l kmp, Unit Price: 1,65 €, Comparison Price: 0,83 €/l
Product: Arla Muhkea 500 g Mozzarella raaste, Unit Price: 6,29 €, Comparison Price: 12,58 €/kg
Product: Kotimaista mustaleima emmentaljuustoraaste 150 g, Unit Price: 2,95 €, Comparison Price: 19,67 €/kg
Product: Jupiter Ketjuspray 400 ml, Unit Price: 2,49 €, Comparison Price: 6,23 €/l
Product: Makrobios Vahva Rauta 100mg+ C vitamiini 60 tablettia 30g, Unit Price: 3,15 €, Comparison Price: 0,05 €/kpl
Product: Hartwall Novelle Plus MultiB+C 1,5 l, Unit Price: 1,09 €, Comparison Price: 0,46 €/l
Product: Rainbow aprikoosi-jasmiini sinkki + E-vitamiini hiilihapotettu juoma 1,5l, Unit Price: 1,99 €, Comparison Price: 1,06 €/l
Product: Calcia 800 Magnesium kalkki-magnesiumtabletti 180 tabl, Unit Price: 7,59 €, Comparison Price: 0,04 €/kpl
Product: Zefal paikkausrasia, Unit Price: 3,99 €, Comparison Price: 
Product: Pingviini Mansikka & Mango-Meloni jäätelötuutti MIX monipakkaus 8x67g, Unit Price: 4,75 €, Comparison Price: 8,86 €/kg
Product: Puhdistamo Ilta Magnesium 120 kapselia, Unit Price: 18,95 €, Comparison Price: 0,16 €/kpl
Product: McCain Golden longs 6mm, Unit Price: 1,45 €, Comparison Price: 1,93 €/kg
Product: Danone Activia Mansikkajogurtti - Ei Lisättyä Sokeria 4x125g, Unit Price: 2,39 €, Comparison Price: 4,78 €/kg
Product: Benecol 4x115g persikkajogurtti, Unit Price: 3,75 €, Comparison Price: 8,15 €/kg
Product: Puhdistamo Tripla Magnesium 60 kapselia, Unit Price: 10,95 €, Comparison Price: 0,18 €/kpl
Product: Valio Gefilus® OLO™ jogurtti 4x125 g luumu laktoositon, Unit Price: 2,79 €, Comparison Price: 5,58 €/kg
Product: Fazer Kismet Vadelmajogurtti suklaapatukka 41g, Unit Price: 0,89 €, Comparison Price: 21,71 €/kg
Product: Coop poimutetut ranskanperunat 500 g pakaste, Unit Price: 1,25 €, Comparison Price: 2,50 €/kg
Product: Rainbow mango hiilihapotettu juoma B6 + B12-vitamiini 0,5l, Unit Price: 1,05 €, Comparison Price: 1,70 €/l
Product: Virgino 0,5l kylmäpuristettu luomurypsiöljy, Unit Price: 4,29 €, Comparison Price: 8,58 €/l
Product: Jupiter soittokello vivulla, Unit Price: 4,99 €, Comparison Price: 
Product: Rainbow magnesium 250 mg ravintolisä 110 g/100 kpl, Unit Price: 2,79 €, Comparison Price: 0,03 €/kpl
Product: Friggs Rauta+C-vitamiini mustaherukan makuinen poretabletti 20kpl, Unit Price: 2,30 €, Comparison Price: 0,12 €/kpl
Product: Mirka Mirox kuivahiomapaperi K80 230x280mm, Unit Price: 0,95 €, Comparison Price: 
Product: Levyjarrupalat B05S resin 1 pari, Unit Price: 10,99 €, Comparison Price: 
Product: Saarioinen Syömme Yhdessä Lohikiusaus 650g, Unit Price: 5,99 €, Comparison Price: 9,22 €/kg
Product: Valio Gefilus® OLO™ jogurtti 4x125 g mansikka laktoositon, Unit Price: 2,79 €, Comparison Price: 5,58 €/kg
Product: Stratos suklaapatukka 42g, Unit Price: 0,89 €, Comparison Price: 21,19 €/kg
Product: Housegard Pebble Mini optinen palovaroitin SA702, Unit Price: 16,90 €, Comparison Price: 
Product: Keiju valkosipulin, timjamin ja paprikan makuinen rypsiöljy 500 ml, Unit Price: 3,99 €, Comparison Price: 7,98 €/l
Product: Marabou Dubbel Nougat suklaapatukka 43g, Unit Price: 0,89 €, Comparison Price: 20,70 €/kg
Product: Magnex sitraatti + B6- vitamiini 100 tabl., Unit Price: 6,57 €, Comparison Price: 0,07 €/kpl
Product: Apetit Sugar Snaps pullea sokeriherne pakaste 300g, Unit Price: 2,59 €, Comparison Price: 8,63 €/kg
Product: Jupiter äänitorvi ohjaustankoon, Unit Price: 5,99 €, Comparison Price: 
Product: Coop maustetut bataattiranskalaiset 450 g pakaste, Unit Price: 1,45 €, Comparison Price: 3,22 €/kg
Product: Valio Gefilus® OLO™ jogurtti 4x125 g persikka-vadelma laktoositon, Unit Price: 2,79 €, Comparison Price: 5,58 €/kg
Product: Karl Fazer maitosuklaapatukka suklaatryffelitäyteellä ja crispeillä  37g, Unit Price: 0,99 €, Comparison Price: 26,76 €/kg
Product: Keiju chili, tomaatti, basilika yrttiöljy 250 ml, Unit Price: 3,15 €, Comparison Price: 12,60 €/l
Product: Fazer Jim tumma suklaapatukka 14g, Unit Price: 0,45 €, Comparison Price: 32,14 €/kg
Product: Danone Activia Viljajogurtti 4x125g, Unit Price: 1,95 €, Comparison Price: 3,90 €/kg
Product: Karl Fazer maitosuklaa ja valkosuklaa suklaapatukka 38g, Unit Price: 0,99 €, Comparison Price: 26,05 €/kg
Product: Pingviini Suklaa & Valkosuklaa jäätelötuutti MIX monipakkaus 8x67g, Unit Price: 5,15 €, Comparison Price: 9,61 €/kg
Product: Rainbow aprikoosi-jasmiini sinkki + E-vitamiini hiilihapotettu juoma 0,5l, Unit Price: 1,05 €, Comparison Price: 1,70 €/l
Product: Jupiter kuormaside 7 mm x 210 cm, Unit Price: 3,99 €, Comparison Price: 
Product: Fazer Pätkis minttutryffeli suklaapatukka 18g, Unit Price: 0,45 €, Comparison Price: 25,00 €/kg
Product: Rainbow sinkki 15mg ravintolisä 66 g/120 purutablettia mansikan ja vadelman makuinen, Unit Price: 3,99 €, Comparison Price: 0,03 €/kpl
Product: Keiju tomaatti, valkosipuli, basilika yrttiöljy 250 ml, Unit Price: 3,15 €, Comparison Price: 12,60 €/l
Product: Villi Vitamiinivesi mango-magnesium 0,5 l, Unit Price: 1,99 €, Comparison Price: 3,58 €/l
Product: Friggs magnesium poretabletti 20kpl Sitruuna, Unit Price: 2,30 €, Comparison Price: 0,12 €/kpl
Product: Helkama Jopo soittokello vivulla, Unit Price: 6,99 €, Comparison Price: 
Product: TipTop TT-02 paikkaussarja polkupyöränrenkaalle 7 paikkaa, Unit Price: 4,99 €, Comparison Price: 
Product: Daim Original Mini Jäätelö Monipakkaus 510ml/312g 6 kpl, Unit Price: 4,99 €, Comparison Price: 15,99 €/kg
Product: Airam häkävaroitin näytöllä, Unit Price: 28,90 €, Comparison Price: 
Product: Rainbow päärynä magnesium + C-vitamiini hiilihapotettu juoma 0,5l, Unit Price: 1,05 €, Comparison Price: 1,70 €/l
Product: Jupiter juomapulloteline, Unit Price: 3,99 €, Comparison Price: 
Product: Jupiter polkupyörän ketjunkatkaisin KT-724X, Unit Price: 4,99 €, Comparison Price: 
Product: Makrobios Quantum magnesium 60kpl 50g, Unit Price: 8,95 €, Comparison Price: 0,15 €/kpl
Product: Pingviini Lakritsi jäätelötuutti monipakkaus 8x67g, Unit Price: 4,75 €, Comparison Price: 8,86 €/kg
Product: Änglamark hienonnettu pinaatti luomu pakaste 400 g, Unit Price: 1,55 €, Comparison Price: 3,88 €/kg
Product: Dorot 80g Puristettua valkosipulia 20 annospalaa, pakaste, Unit Price: 2,79 €, Comparison Price: 34,88 €/kg
Product: Sana-sol Magnesiumsitraatti + B6 vitamiinitabletti ravintolisä 120tabl, Unit Price: 8,59 €, Comparison Price: 0,07 €/kpl
Product: Prosec palovaroitin SK20-01 mini, Unit Price: 21,90 €, Comparison Price: 
Product: Karl Fazer tumma suklaapatukka 39g, Unit Price: 0,59 €, Comparison Price: 15,53 €/kg
Product: Coop Crispy Longs pitkät ranskanperunat 750 g pakaste, Unit Price: 1,00 €, Comparison Price: 1,33 €/kg
Product: Jupiter monitoimityökalu 16 toimintoa, Unit Price: 2,99 €, Comparison Price: 
Product: Sokeva ulkosivellinsarja Tomera 3-osainen, Unit Price: 6,95 €, Comparison Price: 2,32 €/kpl
Product: Karl Fazer vadelmajogurtti suklaapatukka 37g, Unit Price: 0,99 €, Comparison Price: 26,76 €/kg
Product: Aviko Sweet Potato Fries 450g, Unit Price: 2,02 €, Comparison Price: 4,49 €/kg
Product: Ellix sivellinsarja 5-osainen, Unit Price: 3,20 €, Comparison Price: 
Product: Shimano v-jarrupala muttereilla 65mm, Unit Price: 8,99 €, Comparison Price: 
Product: Oolannin tikkuperunat 400g, Unit Price: 2,95 €, Comparison Price: 7,38 €/kg
Product: LUX-TOOLS jatkovarsi 1,5 m - 2 m, Unit Price: 8,20 €, Comparison Price: 
Product: Kotimaista Peruna-sipulisekoitus pakaste 1kg, Unit Price: 1,49 €, Comparison Price: 1,49 €/kg
Product: Apetit Kotimainen Peruna-sipulisekoitus pakaste 1kg, Unit Price: 1,85 €, Comparison Price: 1,85 €/kg
Product: Kotimaista Peruna-sipulisekoitus pakaste 500g, Unit Price: 0,89 €, Comparison Price: 1,78 €/kg
Product: Apetit Kotimainen Peruna-sipulisekoitus pakaste 500g, Unit Price: 1,05 €, Comparison Price: 2,10 €/kg
Product: Mummon Peruna-sipulisekoitus 700 g, pakaste, Unit Price: 1,35 €, Comparison Price: 1,93 €/kg
Product: Apetit Kotimainen Peruna-juuressekoitus pakaste 1kg, Unit Price: 2,85 €, Comparison Price: 2,85 €/kg
Product: Apetit Kotimainen Luomu peruna-sipulisekoitus pakaste 750g, Unit Price: 2,79 €, Comparison Price: 3,72 €/kg
Product: Kotimaista Valkosipuliperunat 750 g, pakaste, Unit Price: 2,19 €, Comparison Price: 2,92 €/kg
Product: Oolannin valkosipuliperunat 750g, Unit Price: 3,45 €, Comparison Price: 4,60 €/kg
Product: ZEFAL Z-Sealant tubeless neste 125ml, Unit Price: 8,99 €, Comparison Price: 
Product: Pingviini Suolainen Kinuski Laktoositon jäätelötuutti monipakkaus 8x67g, Unit Price: 5,15 €, Comparison Price: 9,61 €/kg
Product: Fazer Fazerina appelsiinitryffeli suklaapatukka 37g, Unit Price: 0,79 €, Comparison Price: 21,35 €/kg
Product: Old El Paso 6kpl/216g gluteenittomat Tortillat, Unit Price: 3,29 €, Comparison Price: 15,23 €/kg
Product: Schär Croissant à la française 220g, Gluteeniton voisarvi pakaste, Unit Price: 4,50 €, Comparison Price: 20,45 €/kg
Product: Kotimaista rasvaton raejuusto vähälaktoosinen 400g, Unit Price: 2,55 €, Comparison Price: 6,37 €/kg
Product: 12 x Kotimaista Hiilihapotettu kivennäisvesi sitruuna 0,33l, Unit Price: 6,29 €, Comparison Price: 1,13 €/l
Product: Valio PROfeel® proteiinivanukas 180 g vanilja-marenki laktoositon, Unit Price: 1,29 €, Comparison Price: 7,17 €/kg
Product: Arla Keso 1,5% laktoositon maustamaton raejuusto 200 g, Unit Price: 1,75 €, Comparison Price: 8,75 €/kg
Product: Philadelphia Original Tuorejuusto 300g, Unit Price: 3,25 €, Comparison Price: 10,83 €/kg
Product: 7UP Zero Sugar virvoitusjuoma 1,5 l, Unit Price: 2,85 €, Comparison Price: 1,63 €/l
Product: Jacky Makupala kaakaovanukas 120g, Unit Price: 0,59 €, Comparison Price: 4,92 €/kg
Product: Maitokolmio PROFIT laktoositon suklaa fudge proteiinivanukas 150g, Unit Price: 0,99 €, Comparison Price: 6,60 €/kg
Product: Jacky Makupala maitosuklaavanukas 120g, Unit Price: 0,59 €, Comparison Price: 4,92 €/kg
Product: Rainbow vegaaninen luomusuklaa karamelli ja merisuola 85 g, Unit Price: 1,89 €, Comparison Price: 22,24 €/kg
Product: NOMO Vegan & Free From caramel vaalea kaakaomakeinen 38g, Unit Price: 1,89 €, Comparison Price: 49,74 €/kg
Product: Myllyn Paras Korppujauho 300 g, Unit Price: 1,25 €, Comparison Price: 4,17 €/kg
Product: Kotimaista mutakakku 400 g, Unit Price: 3,49 €, Comparison Price: 8,73 €/kg
Product: Vaasan Kotiuunin Munkkirinkeli 8x45g pakaste, Unit Price: 3,89 €, Comparison Price: 10,81 €/kg
Product: Vaasan Kotiuunin Vadelmasydän 8x45g pakaste vadelma-omenatäytteinen munkki, Unit Price: 3,89 €, Comparison Price: 10,81 €/kg
Product: Fazer Omar -munkki 12kpl 1200g, kypsäpakaste, Unit Price: 14,95 €, Comparison Price: 12,46 €/kg
Product: Fazer Fazerina -kakku 380g, kypsäpakaste, Unit Price: 8,29 €, Comparison Price: 21,82 €/kg
Product: Fazer Mokkapalamunkki 12kpl 1296g, kypsäpakaste, Unit Price: 14,95 €, Comparison Price: 11,54 €/kg
Product: Poppies Trio minidonitsit 9 kpl 250 g, Unit Price: 3,49 €, Comparison Price: 12,64 €/kg
Product: Fazer Berliininmunkki 12kpl 1380g, kypsäpakaste, Unit Price: 14,95 €, Comparison Price: 10,83 €/kg
Product: Almondy 400g Daim Mantelikakku, Unit Price: 6,99 €, Comparison Price: 17,47 €/kg
Product: Fazer Pätkis -kakku 380g, kypsäpakaste, Unit Price: 8,29 €, Comparison Price: 21,82 €/kg
Product: Kotimaista gluteeniton mutakakku 400 g pakaste, Unit Price: 3,75 €, Comparison Price: 9,38 €/kg
Product: Frödinge prinsessakakku pakaste 480g, Unit Price: 8,25 €, Comparison Price: 17,19 €/kg
Product: Frödinge laktoositon mansikkakakku pakaste 500g, Unit Price: 8,25 €, Comparison Price: 16,50 €/kg
Product: Fazer Dumle -munkki 12kpl 1272g, pakaste, Unit Price: 14,95 €, Comparison Price: 11,75 €/kg
Product: Poppies 250g Mini kermatuulihatut, Unit Price: 2,45 €, Comparison Price: 9,80 €/kg
Product: Kotimaista minttumutakakku 400 g, Unit Price: 3,59 €, Comparison Price: 8,98 €/kg
Product: Macarons-leivos 12kpl/144g (Suklaa, Vanilja, Vadelma, Sitruuna, Suolainen kinuski, Pistaasi) Pakaste, Unit Price: 6,59 €, Comparison Price: 45,76 €/kg
Product: Frödinge laktoositon mud cake kostea suklaakakku pakaste 400g, Unit Price: 5,39 €, Comparison Price: 13,47 €/kg
Product: Vaasan Kotiuunin Possumunkki 6x70g, pakaste, Unit Price: 3,89 €, Comparison Price: 9,26 €/kg
Product: Kotimaista Voisilmäpulla, 480 g, 5-6 kpl, kypsä, Unit Price: 4,65 €, Comparison Price: 9,69 €/kg
Product: Kotimaista Korvapuusti 390 g pakaste, Unit Price: 2,29 €, Comparison Price: 5,87 €/kg
Product: Kotimaista appelsiinimutakakku 400 g, Unit Price: 3,59 €, Comparison Price: 8,98 €/kg
Product: Frödinge kinuskikakku pakaste 565g, Unit Price: 8,25 €, Comparison Price: 14,60 €/kg
Product: Poppies Donuts suklaa-tuttifrutti  4 kpl 220 g pakaste, Unit Price: 3,55 €, Comparison Price: 16,14 €/kg
Product: Valio raejuusto 200 g laktoositon, Unit Price: 2,25 €, Comparison Price: 11,25 €/kg
Product: Neutrogena Clear & Defend Facial Wash puhdistusgeeli 200 ml, Unit Price: 6,85 €, Comparison Price: 34,25 €/l
Product: Twix White suklaapatukka 46g, Unit Price: 0,89 €, Comparison Price: 19,35 €/kg
Product: Valio PROfeel® proteiinivanukas 185 g suklaa-mansikka makeutusaineeton laktoositon, Unit Price: 1,29 €, Comparison Price: 6,97 €/kg
Product: Ritter Sport Crispy Cookie Vegaanisuklaa 100g, Unit Price: 2,75 €, Comparison Price: 27,50 €/kg
Product: Twix suklaapatukka 50g, Unit Price: 0,89 €, Comparison Price: 17,80 €/kg
Product: Aino Kinuski & Brownie Laktoositon kermajäätelö kotipakkaus 500g/900ml, Unit Price: 6,19 €, Comparison Price: 6,88 €/l
Product: Kinder Bueno 3-pack maitosuklaapäällysteinen vohveli maitoisalla hasselpähkinätäytteellä x 43g, Unit Price: 2,55 €, Comparison Price: 19,77 €/kg
Product: Maitokolmio PROFIT laktoositon toffee fudge proteiinivanukas 150g, Unit Price: 0,99 €, Comparison Price: 6,60 €/kg
Product: Arla Keso raejuusto vanilja 200 g, Unit Price: 1,85 €, Comparison Price: 9,25 €/kg
Product: Atria Voi-Tilli Grilliperunat 500g, Unit Price: 3,99 €, Comparison Price: 7,98 €/kg
Product: Pepsi Max virvoitusjuoma 0,5 l, Unit Price: 0,98 €, Comparison Price: 1,56 €/l
Product: Goodio Kaurasuklaa Original luomu 48g, Unit Price: 1,95 €, Comparison Price: 40,63 €/kg
Product: Nestlé Kit Kat 41,5g suklaakuorrutteinen vohvelipatukka, Unit Price: 0,50 €, Comparison Price: 11,90 €/kg
Product: Pingviini Herkkutrio kermajäätelö kotipakkaus 1L/517g, Unit Price: 1,99 €, Comparison Price: 1,99 €/l
Product: Goodio Kauravalkosuklaa Minttu luomu 48g, Unit Price: 1,95 €, Comparison Price: 40,63 €/kg
Product: Dr. Oetker PAULA Vanilja-Suklaa vanukas +suklaarakeet 125g, Unit Price: 1,15 €, Comparison Price: 9,20 €/kg
Product: Ehrmann proteiinivanukas 200 g banaani suklaavaahdolla, Unit Price: 1,69 €, Comparison Price: 8,45 €/kg
Product: Saarioinen Kermaperunat 320g, Unit Price: 2,59 €, Comparison Price: 8,09 €/kg
Product: Valio PROfeel® proteiinivanukas 185 g banoffee makeutusaineeton laktoositon, Unit Price: 1,29 €, Comparison Price: 6,97 €/kg
Product: Jacky Makupala kinuskivanukas 120g, Unit Price: 0,59 €, Comparison Price: 4,92 €/kg
Product: Marabou Oreo suklaapatukka 37g, Unit Price: 0,85 €, Comparison Price: 22,97 €/kg
Product: Rainbow pähkinä- ja hedelmäsekoitus 200 g, Unit Price: 2,29 €, Comparison Price: 11,45 €/kg
Product: Den Lille Nøttefabrikken Nøtti Frutti Pähkinä-hedelmäsekoitus 330g, Unit Price: 5,85 €, Comparison Price: 17,73 €/kg
Product: Xtra pähkinä- ja rusinasekoitus 300 g, Unit Price: 2,79 €, Comparison Price: 9,30 €/kg
Product: Den Lille Nøttefabrikken Nøtti Frutti Pähkinä-hedelmäsekoitus190g, Unit Price: 3,65 €, Comparison Price: 19,21 €/kg
Product: Arimex Luxuspähkinöitä ja rusinoita 500g, Unit Price: 10,50 €, Comparison Price: 21,00 €/kg
Product: Den Lille Nøttefabrikken NøttiFrutti Pähkinä-hedelmäsekoitus 60g, Unit Price: 1,85 €, Comparison Price: 30,83 €/kg
Product: Rainbow pähkinä- ja karpalosekoitus 200 g, Unit Price: 3,49 €, Comparison Price: 17,45 €/kg
Product: Taffel Trail Mix pähkinä- ja rusinasekoitus 300g, Unit Price: 4,49 €, Comparison Price: 14,97 €/kg
Product: Taffel Kartanon välipala pähkinä- ja marjasekoitus 60g, Unit Price: 1,89 €, Comparison Price: 31,50 €/kg
Product: Taffel Kartanon välipala pähkinä- ja hedelmäsekoitus 60g, Unit Price: 1,89 €, Comparison Price: 31,50 €/kg
Product: Meira Maapähkinä-rusinasekoitus 300g, Unit Price: 1,85 €, Comparison Price: 6,17 €/kg
Product: Den Lille Nøttefabrikken Nøtti Frutti Salt & Søtt pähkinä-hedelmäsekoitus RA 170g, Unit Price: 4,39 €, Comparison Price: 25,82 €/kg
Product: Salliselta  Pähkinämix 400g, Unit Price: 5,95 €, Comparison Price: 14,88 €/kg
Product: Den Lille Nottefabrikken Frutti Sommer​ pähkinä-hedelmäsekoitus RA 160g, Unit Price: 3,98 €, Comparison Price: 24,88 €/kg
Product: Rainbow maapähkinä-rusinasekoitus 350 g, Unit Price: 1,85 €, Comparison Price: 5,29 €/kg
Product: Earth Control Salaattisekoitus hedelmillä 200g, Unit Price: 2,98 €, Comparison Price: 14,90 €/kg
Product: Nutisal Sporty Mix pähkinäsekoitus 60g, Unit Price: 2,15 €, Comparison Price: 35,83 €/kg
Product: Seeberger Cashew & Karpalo mix 150g, Unit Price: 3,98 €, Comparison Price: 26,53 €/kg
Product: Xtra pähkinä- ja hedelmäsekoitus 600 g, Unit Price: 5,49 €, Comparison Price: 9,15 €/kg
Product: Rainbow 100g Energy Mix kuivattuja hedelmiä ja pähkinöitä, Unit Price: 2,39 €, Comparison Price: 23,90 €/kg
Product: Seeberger 150g pähkinä-marjasekoitus, Unit Price: 3,49 €, Comparison Price: 23,27 €/kg
Product: Meira Manteli-rusinasekoitus 120g, Unit Price: 1,89 €, Comparison Price: 15,75 €/kg
Product: Seeberger Cashew & Mango mix 150g, Unit Price: 3,98 €, Comparison Price: 26,53 €/kpl
Product: Seeberger Suklaa&Karpalo-pähkinämix 150g, Unit Price: 3,98 €, Comparison Price: 25,35 €/kg
Product: Schweppes Indian Tonic virvoitusjuoma tölkki 0,33 L, Unit Price: 1,79 €, Comparison Price: 4,97 €/l
Product: Taffel Juustosnacks 235g, Unit Price: 2,59 €, Comparison Price: 11,02 €/kg
Product: Taffel Nacho Cheese Balls maustettu juustosnacks 235g, Unit Price: 3,09 €, Comparison Price: 13,15 €/kg
Product: Estrella Linssisnacks Cheddar 125g, Unit Price: 2,99 €, Comparison Price: 23,92 €/kg
Product: Rainbow juustosnacks 275 g, Unit Price: 1,65 €, Comparison Price: 6,00 €/kg
Product: Taffel Juustosnacks 115g, Unit Price: 1,95 €, Comparison Price: 16,96 €/kg
Product: Estrella Linssisnacks Sourcream and Onion 125g, Unit Price: 2,99 €, Comparison Price: 23,92 €/kg
Product: Taffel Nacho Cheese Balls maustettu juustosnacks 60g, Unit Price: 1,19 €, Comparison Price: 19,83 €/kg
Product: Taffel CrunCheez original maustettu juustosnacks 225g, Unit Price: 3,19 €, Comparison Price: 14,18 €/kg
Product: Taffel Jumbojuusto bacon & cheddar maustettu juustosnacks 235g, Unit Price: 3,09 €, Comparison Price: 13,15 €/kg
Product: Taffel CrunCheez hot chili maustettu juustosnacks 225g, Unit Price: 3,19 €, Comparison Price: 14,18 €/kg
Product: Estrella Linssisnacks Cheddar & Ranch 125g, Unit Price: 2,99 €, Comparison Price: 23,92 €/kg
Product: Estrella Super Crunch Kermaviili & Sipuli 175g, Unit Price: 2,99 €, Comparison Price: 17,09 €/kg
Product: Estrella Superjuusto 175g, Unit Price: 2,99 €, Comparison Price: 17,09 €/kg
Product: Estrella Super Crunch Cheddar & Chili juustonaksu 175g, Unit Price: 2,99 €, Comparison Price: 17,09 €/kg
Product: Taffel Zuustosnacks vegaaninen juuston makuinen maissisipsi 200g, Unit Price: 3,19 €, Comparison Price: 15,95 €/kg
Product: Coop juustosuikerot 250 g, Unit Price: 1,69 €, Comparison Price: 6,76 €/kg
Product: 6 x Pepsi Max virvoitusjuoma 0,33 l, Unit Price: 4,45 €, Comparison Price: 1,79 €/l
Product: Maitokolmio PROFIT laktoositon Mokkasuklaafudge proteiinivanukas 150g, Unit Price: 0,99 €, Comparison Price: 6,60 €/kg
Product: NOMO Kaakaomakeinen karamellisoidulla keksillä 34g, Unit Price: 1,99 €, Comparison Price: 58,53 €/kg
Product: Smuuti Skin Kiwi Clear Cleansing foam puhdistusvaahto 150 ml, Unit Price: 13,95 €, Comparison Price: 93,00 €/l
Product: Xtra raejuusto 3,5% 300 g, Unit Price: 1,29 €, Comparison Price: 4,30 €/kg
Product: Fazer Leipurit jättivoicroissant 4 kpl, Unit Price: 4,69 €, Comparison Price: 15,63 €/kg
Product: Twix Salted Caramel suklaapatukka 46g, Unit Price: 0,89 €, Comparison Price: 19,35 €/kg
Product: Ben & Jerry's  Sundae Marshmallow & S'more! Jäätelö     427ml/316g, Unit Price: 3,49 €, Comparison Price: 8,17 €/l
Product: Rainbow kapris 57/35g, Unit Price: 0,89 €, Comparison Price: 25,43 €/kg
Product: GoGreen Luomu Kikherneet 380g, Unit Price: 1,59 €, Comparison Price: 6,91 €/kg
Product: GoGreen Punaiset linssit 400 g, Unit Price: 1,99 €, Comparison Price: 4,97 €/kg
Product: Xtra kikherneet 400/240 g, Unit Price: 0,57 €, Comparison Price: 2,38 €/kg
Product: Bonduelle maissi säilyke 300g/285g, Unit Price: 2,39 €, Comparison Price: 8,39 €/kg
Product: Fragata kapris 99/65g, Unit Price: 1,35 €, Comparison Price: 20,77 €/kg
Product: Coop maissia suolaliemessä 340/ 285 g, Unit Price: 1,05 €, Comparison Price: 3,68 €/kg
Product: Bonduelle Maissi 150/140g, Unit Price: 1,45 €, Comparison Price: 10,36 €/kg
Product: Coop maissia suolaliemessä 165/140 g, Unit Price: 0,85 €, Comparison Price: 6,07 €/kg
Product: Bonduelle Maissi 2x75/70g, Unit Price: 1,85 €, Comparison Price: 13,21 €/kg
Product: Bonduelle Kikherneitä höyrytetty&rapea 310g/265g, Unit Price: 1,95 €, Comparison Price: 7,36 €/kg
Product: Bonduelle 2x80/65g kikherneet, Unit Price: 1,75 €, Comparison Price: 13,46 €/kg
Product: Bonduelle Kikherne 150g, Unit Price: 1,59 €, Comparison Price: 12,23 €/kg
Product: Carrefour Bio luomukikherneet 265 g, Unit Price: 2,79 €, Comparison Price: 10,53 €/kg
Product: Valkoliekki 175g valkosipulimurska, Unit Price: 3,39 €, Comparison Price: 19,37 €/kg
Product: VegOnTable 240/140g Kapris, Unit Price: 2,29 €, Comparison Price: 16,36 €/kg
Product: GoGreen Vihreät linssit 400 g, Unit Price: 1,99 €, Comparison Price: 4,97 €/kg
Product: Royal 360/175g viipaloitu vihreä jalapeno, Unit Price: 2,05 €, Comparison Price: 11,71 €/kg
Product: Coop Asia minimaissit 410/200 g, Unit Price: 1,35 €, Comparison Price: 3,29 €/kg
Product: URTEKRAM luomu Punainen linssi 400g, Unit Price: 2,59 €, Comparison Price: 6,48 €/kg
Product: Coop vihreät herneet 400/280 g, Unit Price: 0,69 €, Comparison Price: 2,46 €/kg
Product: Fragata jalapenoviipaleet 350//200g, Unit Price: 1,75 €, Comparison Price: 8,75 €/kg
Product: Jalostaja Herneet 430g, Unit Price: 1,89 €, Comparison Price: 7,88 €/kg
Product: Rainbow hillosipulit etikkaliemessä 320/190 g, Unit Price: 0,85 €, Comparison Price: 4,47 €/kg
Product: Rainbow 50x175ml kahvikuppi PEFC Swan, Unit Price: 1,75 €, Comparison Price: 0,04 €/kpl
Product: Huhtamaki kartonkinen kuumakuppi korvalla 20x175ml Kesä 2024, Unit Price: 2,55 €, Comparison Price: 0,13 €/kpl
Product: Huhtamaki Säästö Bioware 50x250ml kartonkinen kuumakuppi PEFC, Unit Price: 5,35 €, Comparison Price: 0,11 €/kpl
Product: Huhtamaki kartonkinen kahvikuppi 50x250ml Ikimetsä, Unit Price: 5,45 €, Comparison Price: 0,11 €/kpl
Product: Huhtamaki 50x200ml kartonkipikari, Unit Price: 3,79 €, Comparison Price: 0,08 €/kpl
Product: FSC Paper Cup 200ml Elegant Party 8 kpl, Unit Price: 1,69 €, Comparison Price: 0,21 €/kpl
Product: Rainbow 300g appelsiinimarmeladi, Unit Price: 1,31 €, Comparison Price: 4,37 €/kg
Product: Havi kuumakuppi Viktoria 250ml 12kpl, Unit Price: 1,85 €, Comparison Price: 0,15 €/kpl
Product: Xtra astiaharja, Unit Price: 0,48 €, Comparison Price: 
Product: Filos 370g kreikkalainen appelsiinimarmeladi, Unit Price: 2,75 €, Comparison Price: 7,43 €/kg
Product: Rainbow astianpesuharja, Unit Price: 1,19 €, Comparison Price: 
Product: Duni 20kpl 6cl Bio vihreä kartonkimuki x 12, Unit Price: 1,59 €, Comparison Price: 0,08 €/kpl
Product: Sini vaihtopäät tiskiharjaan 2 kpl, Unit Price: 2,29 €, Comparison Price: 1,15 €/kpl
Product: Saarioinen Appelsiinimarmeladi 230g, Unit Price: 1,59 €, Comparison Price: 6,91 €/kg
Product: Sini vaihtopääsetti, Unit Price: 2,69 €, Comparison Price: 
Product: Duni 10kpl 24cl Bio Thank You kartonkimuki, Unit Price: 1,69 €, Comparison Price: 0,17 €/kpl
Product: Filos Deluxe 240g appelsiinimarmeladi, Unit Price: 2,09 €, Comparison Price: 8,71 €/kg
Product: Finlayson kartonkinen kuumakuppi 20x250ml Annukka, Unit Price: 2,65 €, Comparison Price: 0,13 €/kpl
Product: Bonne Maman 370g Appelsiinimarmeladi, Unit Price: 3,69 €, Comparison Price: 9,97 €/kg
Product: Duni 20kpl 6cl Bio pinkki kartonkimuki x 12, Unit Price: 1,59 €, Comparison Price: 0,08 €/kpl
Product: Herkkumaa Appelsiinimarmeladi 450g, Unit Price: 3,09 €, Comparison Price: 6,87 €/kg
Product: Sini Eko tiskiharja, Unit Price: 1,45 €, Comparison Price: 
Product: Mrs Darlington`s Appelsiinimarmeladi 340g, Unit Price: 4,16 €, Comparison Price: 12,24 €/kg
Product: Huhtamaki 10x400ml Red cup kartonkinen kylmäjuomapikari, Unit Price: 2,25 €, Comparison Price: 0,23 €/kpl
Product: Sini Vaihtopää pannu- ja parilaharja, Unit Price: 1,89 €, Comparison Price: 
Product: Kron astiaharja softgrip, Unit Price: 1,59 €, Comparison Price: 
Product: Duni 10kpl 35cl Sweet bagassimuki x 8, Unit Price: 2,55 €, Comparison Price: 0,26 €/kpl
Product: Sini pannu- ja parilaharja, Unit Price: 2,29 €, Comparison Price: 
Product: Finlayson kartonkinen kahvikuppi korvalla 20x175ml Annukka, Unit Price: 2,55 €, Comparison Price: 0,13 €/kpl
Product: Smart tiskiharjan vaihtopää, Unit Price: 2,19 €, Comparison Price: 
Product: Duni Bio 10kpl 50cl pinkki kartonkimuki x 12, Unit Price: 2,95 €, Comparison Price: 0,30 €/kpl
Product: Duni 10kpl 50cl bio punainen kartonkimuki x 12, Unit Price: 2,95 €, Comparison Price: 0,30 €/kpl
Product: Smart Microfiber laastiharja FSC-puuta, Unit Price: 1,99 €, Comparison Price: 
Product: Smile sokeriruokokupit 240ml, 10kpl, Unit Price: 1,55 €, Comparison Price: 0,16 €/kpl
Product: Astianharja puu/kuitu FSC, Unit Price: 1,95 €, Comparison Price: 
Product: Pahvikuppi 20cl Ripple Wall 10kpl, Unit Price: 2,89 €, Comparison Price: 0,29 €/kpl
Product: Smart tiskiharja luonnonharjasta vaihdettavalla päällä, Unit Price: 4,25 €, Comparison Price: 
Product: Kartonkimuki 200ml Yrtit, Unit Price: 2,05 €, Comparison Price: 0,26 €/kpl
Product: Smart astiaharjan vaihtopää nylon FSC, Unit Price: 1,65 €, Comparison Price: 
Product: Duni ecoecho 10kpl 47cl Sweet bagassimuki, Unit Price: 2,79 €, Comparison Price: 0,28 €/kpl
Product: Frida astianpesusieni jossa täytettävä kahva pesuaineelle, Unit Price: 3,95 €, Comparison Price: 
Product: Frida astianpesusienen vaihtopää 3 kpl, Unit Price: 2,95 €, Comparison Price: 0,98 €/kpl
Product: Duni Bio 10kpl 50cl vihreä kartonkimuki x 12, Unit Price: 2,95 €, Comparison Price: 0,30 €/kpl
Product: Rainbow juuresharja, Unit Price: 2,59 €, Comparison Price: 
Product: Smart pulloharja 3kpl FSC, Unit Price: 4,39 €, Comparison Price: 
Product: Huhtamaki 10x500ml kartonkinen kylmäjuomapikari Festival, Unit Price: 2,49 €, Comparison Price: 0,25 €/kpl
Product: Akro kuppiharja TPR vihreä, Unit Price: 2,95 €, Comparison Price: 
Product: Papstar paperimuki 0,2 l 10kpl, Unit Price: 1,95 €, Comparison Price: 0,20 €/kpl
Product: Aino kahvinkeitinharja, Unit Price: 2,59 €, Comparison Price: 
Product: FSC Paper Cup 200ml Multiwatercolor Dots 8 kpl, Unit Price: 1,55 €, Comparison Price: 0,19 €/kpl
Product: Akro miniharja 1kpl, Unit Price: 1,99 €, Comparison Price: 
Product: Akro juuresharja kuorinta terällä 1kpl, Unit Price: 3,95 €, Comparison Price: 
Product: Maku juuresharja, Unit Price: 2,79 €, Comparison Price: 
Product: Bounty® Soft Baked Cookies keksi 180g, Unit Price: 2,99 €, Comparison Price: 16,61 €/kg
Product: Xtra astiaharja, Unit Price: 0,48 €, Comparison Price: 
Product: Rainbow astianpesuharja, Unit Price: 1,19 €, Comparison Price: 
Product: Sini vaihtopäät tiskiharjaan 2 kpl, Unit Price: 2,29 €, Comparison Price: 1,15 €/kpl
Product: Sini vaihtopääsetti, Unit Price: 2,69 €, Comparison Price: 
Product: Sini Eko tiskiharja, Unit Price: 1,45 €, Comparison Price: 
Product: Sini Vaihtopää pannu- ja parilaharja, Unit Price: 1,89 €, Comparison Price: 
Product: Kron astiaharja softgrip, Unit Price: 1,59 €, Comparison Price: 
Product: Sini pannu- ja parilaharja, Unit Price: 2,29 €, Comparison Price: 
Product: Smart tiskiharjan vaihtopää, Unit Price: 2,19 €, Comparison Price: 
Product: Smart Microfiber laastiharja FSC-puuta, Unit Price: 1,99 €, Comparison Price: 
Product: Astianharja puu/kuitu FSC, Unit Price: 1,95 €, Comparison Price: 
Product: Smart tiskiharja luonnonharjasta vaihdettavalla päällä, Unit Price: 4,25 €, Comparison Price: 
Product: Smart astiaharjan vaihtopää nylon FSC, Unit Price: 1,65 €, Comparison Price: 
Product: Frida astianpesusieni jossa täytettävä kahva pesuaineelle, Unit Price: 3,95 €, Comparison Price: 
Product: Frida astianpesusienen vaihtopää 3 kpl, Unit Price: 2,95 €, Comparison Price: 0,98 €/kpl
Product: Rainbow juuresharja, Unit Price: 2,59 €, Comparison Price: 
Product: Smart pulloharja 3kpl FSC, Unit Price: 4,39 €, Comparison Price: 
Product: Akro kuppiharja TPR vihreä, Unit Price: 2,95 €, Comparison Price: 
Product: Aino kahvinkeitinharja, Unit Price: 2,59 €, Comparison Price: 
Product: Akro miniharja 1kpl, Unit Price: 1,99 €, Comparison Price: 
Product: Akro juuresharja kuorinta terällä 1kpl, Unit Price: 3,95 €, Comparison Price: 
Product: Maku juuresharja, Unit Price: 2,79 €, Comparison Price: 
Product: President Brie, Unit Price: 26,90 €, Comparison Price: 
Product: Bolsius True Scents – huonetuoksu – Fresh Cotton – 60 ml, Unit Price: 1,99 €, Comparison Price: 33,17 €/l
Product: Espresso House Decaf Brew kofeiiniton suodatinkahvi jauhettu 225g, Unit Price: 8,40 €, Comparison Price: 37,33 €/kg
Product: Myllyn Paras Ruiskorppujauho 300 g, Unit Price: 1,25 €, Comparison Price: 4,17 €/kg
Product: 24-pack Coca-Cola Zero Sugar virvoitusjuoma muovipullo 0,33 L, Unit Price: 9,95 €, Comparison Price: 0,95 €/l
Product: Helmi Perunajauho 500g, Unit Price: 1,19 €, Comparison Price: 2,38 €/kg
Product: God Morgon Selected Citrus Veriappelsiinitäysmehu 1 L, Unit Price: 3,35 €, Comparison Price: 3,35 €/l
Product: Hau-Hau Champion Kana-riisipala 100 g, Unit Price: 2,69 €, Comparison Price: 26,90 €/kg
Product: Pedigree Dentastix - Päivittäinen hammasherkku pienille koirille (5-10kg) - 7 kpl, Unit Price: 2,69 €, Comparison Price: 24,45 €/kg
Product: Elonen Supervaniljapuusti 2kpl 240g, Unit Price: 2,25 €, Comparison Price: 9,38 €/kg
Product: Olympus Halloumi PDO 200g, Unit Price: 2,95 €, Comparison Price: 14,75 €/kg
Product: Coop kolmen suklaan cookie 180 g, Unit Price: 1,55 €, Comparison Price: 8,61 €/kg
Product: Virtasalmen Viljatuote Gluteeniton Hieno Tattarijauho 500g, Unit Price: 3,15 €, Comparison Price: 6,30 €/kg
Product: Rainbow Appelsiinitäysmehu 1l, Unit Price: 1,85 €, Comparison Price: 1,85 €/l
Product: Snellman Burgerjauheliha 20% 650g, Unit Price: 6,95 €, Comparison Price: 10,69 €/kg
Product: Filipinos 128g Valkosuklaakeksi, Unit Price: 1,85 €, Comparison Price: 14,45 €/kg
Product: Baba Pyörykkä peruna-kikherne 200g, Unit Price: 2,79 €, Comparison Price: 13,95 €/kg
Product: Coop juokseva sulatejuusto vahva 250g, Unit Price: 2,99 €, Comparison Price: 11,96 €/kg
Product: Dr. Oetker Pastel Flirt -koristerakeet 50g, Unit Price: 1,79 €, Comparison Price: 35,80 €/kg
Product: Oululainen Pullava Pitkojen Pitko 300g, vehnäpitko, Unit Price: 2,85 €, Comparison Price: 9,50 €/kg
Product: Coop granaattiomenan siemenet 250 g pakaste, Unit Price: 1,58 €, Comparison Price: 6,32 €/kg
Product: Perheleipuri Salonen Omenapulla 5/400 g omenapalatäytteinen pulla, Unit Price: 4,99 €, Comparison Price: 12,48 €/kg
Product: Rainbow Cocktailpiirakka 15kpl 675g, raakapakaste, Unit Price: 1,99 €, Comparison Price: 2,95 €/kg
Product: Kotimaista perunajauho 500g, Unit Price: 1,15 €, Comparison Price: 2,30 €/kg
Product: Rantanen Talkkunajauho 1 kg, Unit Price: 4,59 €, Comparison Price: 4,59 €/kg
Product: Fazer Omar -puustit 220g, pulla, Unit Price: 2,09 €, Comparison Price: 9,50 €/kg
Product: Valio Hedelmätarha® appelsiinitäysmehu 1 l hedelmälihaa, Unit Price: 2,49 €, Comparison Price: 2,49 €/l
Product: Vaasan Kotiuunin Vadelmasydän 8x45g pakaste vadelma-omenatäytteinen munkki, Unit Price: 1,99 €, Comparison Price: 5,53 €/kg
Product: Lipton  Musta tee  Yellow Label  100g 50p, Unit Price: 3,09 €, Comparison Price: 30,90 €/kg
Product: Elonen Raparperi-vanilja Herkku 2kpl 240g, Unit Price: 2,69 €, Comparison Price: 11,21 €/kg
Product: Kotimaista broileripyörykät 350 g, Unit Price: 2,15 €, Comparison Price: 6,14 €/kg
Product: Kartanon leipä mustikka pulla 2 x 80g, Unit Price: 4,25 €, Comparison Price: 26,56 €/kg
Product: Jymy Banaani-Suklaa Kermajäätelö 900ml, Unit Price: 4,49 €, Comparison Price: 4,99 €/l
Product: Fazer Domino Original keksi 350g, Unit Price: 0,99 €, Comparison Price: 2,83 €/kg
Product: URTEKRAM  luomu Täysjyvämaissijauho 500g, Unit Price: 3,49 €, Comparison Price: 6,98 €/kg
Product: Atria Burger Naudanliha 480g, Unit Price: 3,75 €, Comparison Price: 7,81 €/kg
Product: Maizena Maissitärkkelys 400 g, Unit Price: 2,79 €, Comparison Price: 6,98 €/kg
Product: Laihian Makukaura paahdettu viljavalmiste mustikka runsaskuituinen 250 g, Unit Price: 3,69 €, Comparison Price: 14,76 €/kg
Product: Hau-Hau Champion Lammaspala 100 g, Unit Price: 2,90 €, Comparison Price: 29,00 €/kg
Product: Voima-Papu härkäpapujauho, Unit Price: 4,95 €, Comparison Price: 9,90 €/kg
Product: Havi-Nuppu airlaid pöytäliina Unikkoaika 120x220cm 1kpl, Unit Price: 4,37 €, Comparison Price: 
Product: Rainbow 250g ciabatta, Unit Price: 1,15 €, Comparison Price: 4,60 €/kg
Product: Kennelpakaste Jauheliha sika-nauta 800 g, Unit Price: 3,39 €, Comparison Price: 4,24 €/kg
Product: Valio Play® jogurtti 4x125 g vadelma laktoositon, Unit Price: 2,55 €, Comparison Price: 5,10 €/kg
Product: Hau-Hau Champion Tonnikalapala 100 g, Unit Price: 2,69 €, Comparison Price: 26,90 €/kg
Product: Valio Play® jogurtti 4x125 g mansikka laktoositon, Unit Price: 2,55 €, Comparison Price: 5,10 €/kg
Product: Erätuli 200g laktoositon juustoleipä, Unit Price: 2,89 €, Comparison Price: 14,45 €/kg
Product: Valio Play® jogurtti 4x125 g banaani laktoositon, Unit Price: 2,55 €, Comparison Price: 5,10 €/kg
Product: Valio kahvikerma 10 % 3,3 dl laktoositon, Unit Price: 2,29 €, Comparison Price: 6,94 €/l
Product: Huhtamaki lautasliina 20x33*33cm Summer 2024 Swan, Unit Price: 1,50 €, Comparison Price: 0,08 €/kpl
Product: Xtra lautasliina 33x33 cm 100 kpl, Unit Price: 0,90 €, Comparison Price: 0,01 €/kpl
Product: Marimekko 33cm Sitruunapuu vaaleanpunainen 20kpl lautasliina, Unit Price: 2,99 €, Comparison Price: 0,15 €/kpl
Product: Myllärin Gluteeniton Kaurajauho 950 g, Unit Price: 4,15 €, Comparison Price: 4,37 €/kg
Product: Coop Lasagne pasta, sisältää kananmunaa 500 g, Unit Price: 2,19 €, Comparison Price: 4,38 €/kg
Product: Marimekko 33cm Unikko 60th Anniversary vihreä 20kpl lautasliina, Unit Price: 3,05 €, Comparison Price: 0,15 €/kpl
Product: Marimekko 25cm Mansikkavuoret roosa 20kpl lautasliina, Unit Price: 2,39 €, Comparison Price: 0,12 €/kpl
Product: Huhtamaki lautasliina 20x33*33cm Summer 2024 Swan, Unit Price: 2,65 €, Comparison Price: 0,13 €/kpl
Product: Marimekko 33cm Unikko oranssi vihreä 20kpl lautasliina, Unit Price: 3,05 €, Comparison Price: 0,15 €/kpl
Product: Marimekko 33cm Mansikkavuoret roosa 20kpl lautasliina, Unit Price: 2,99 €, Comparison Price: 0,15 €/kpl
Product: Huhtamaki lautasliina 20x25*25cm Summer 2024 Swan, Unit Price: 2,05 €, Comparison Price: 0,10 €/kpl
Product: Myllyn Paras Lasagnelevyjä 500 g, Unit Price: 2,65 €, Comparison Price: 5,30 €/kg
Product: Marimekko 33cm Unikko vaaleanpunainen 20kpl lautasliina, Unit Price: 2,99 €, Comparison Price: 0,15 €/kpl
Product: Myllyn Paras Täysjyvälasagnelevy 500 g, Unit Price: 2,99 €, Comparison Price: 5,98 €/kg
Product: Marimekko 25cm Sitruunapuu vaaleanpunainen 20kpl lautasliina, Unit Price: 2,39 €, Comparison Price: 0,12 €/kpl
Product: Semper Gluteeniton Lasagne pasta 250g, Unit Price: 3,45 €, Comparison Price: 13,80 €/kg
Product: Marimekko 33cm Mini Unikot vaaleanpunainen 20kpl lautasliina, Unit Price: 3,05 €, Comparison Price: 0,15 €/kpl
Product: Rainbow Täysjyvälasagnelevyt Kananmunaton Luomu 500g, Unit Price: 2,25 €, Comparison Price: 4,50 €/kg
Product: Carrefour lautasliina valkoinen 33 cm 100 kpl, Unit Price: 2,85 €, Comparison Price: 0,03 €/kpl
Product: Barilla Lasagne durumvehnästä valmistettu pasta 500g, Unit Price: 3,79 €, Comparison Price: 7,58 €/kg
Product: Havi lautasliina tissue vaaleansininen 33cm 20kpl, Unit Price: 1,45 €, Comparison Price: 0,07 €/kpl
Product: Myllyn Paras Cannelloni 250 g Pastaputkia, Unit Price: 1,69 €, Comparison Price: 6,76 €/kg
Product: Decorata lautasliina 33cm Kanervaoksat, Unit Price: 1,75 €, Comparison Price: 0,09 €/kpl
Product: Felicia maissi-riisi Lasagnelevy 250 g luomu, Unit Price: 3,29 €, Comparison Price: 13,16 €/kg
Product: Havi 50kpl/33cm valkoinen tissue lautasliina, Unit Price: 2,95 €, Comparison Price: 0,06 €/kpl
Product: Barilla gluteeniton lasagne 250g, Unit Price: 3,69 €, Comparison Price: 14,76 €/kg
Product: Decorata lautasliina 25cm Ruusut, Unit Price: 1,35 €, Comparison Price: 0,07 €/kpl
Product: Barilla Collezione Cannelloni durumvehnästä valmistettu pasta 250g, Unit Price: 2,99 €, Comparison Price: 11,96 €/kg
Product: Finlayson lautasliina Kesäkuu vihreä 33cm 20kpl, Unit Price: 2,95 €, Comparison Price: 0,15 €/kpl
Product: Decorata lautasliina 25cm Pinkki perhonen, Unit Price: 1,35 €, Comparison Price: 0,07 €/kpl
Product: Rummo Lasagne all'uovo no 173 500g, Unit Price: 3,85 €, Comparison Price: 7,70 €/kg
Product: Havi lautasliina tissue vaaleansininen 24cm 20kpl, Unit Price: 0,89 €, Comparison Price: 0,04 €/kpl
Product: Havi-Kuovi tissue lautasliina Tarha sinikeltainen 33cm 20kpl, Unit Price: 2,99 €, Comparison Price: 0,15 €/kpl
Product: Decorata lautasliina 25cm Kanervaoksat, Unit Price: 1,35 €, Comparison Price: 0,07 €/kpl
Product: Marimekko 33cm Räsymatto vaaleanpunainen 20kpl lautasliina, Unit Price: 2,99 €, Comparison Price: 0,15 €/kpl
Product: Havi lautasliina tissue vaaleanpunainen 33cm 20kpl, Unit Price: 1,45 €, Comparison Price: 0,07 €/kpl
Product: Lautasliina iloiset kesähedelmät 33cm, Unit Price: 1,50 €, Comparison Price: 0,08 €/kpl
Product: Valio AURA® e170 g pala, Unit Price: 2,99 €, Comparison Price: 17,59 €/kg
Product: Rainbow 125 g Sinihomejuusto, Unit Price: 1,68 €, Comparison Price: 13,44 €/kg
Product: Mehukatti Sekamehujuomatiiviste 1+3 1,5 L, Unit Price: 4,99 €, Comparison Price: 3,33 €/l
Product: Castello 150 g Blue Sinihomejuusto, Unit Price: 2,69 €, Comparison Price: 17,93 €/kg
Product: FUN Light vihreän omenan makuinen juomatiiviste 0,5l, Unit Price: 2,59 €, Comparison Price: 4,78 €/l
Product: Castello 150g Luomu Blue sinihomejuusto, Unit Price: 2,69 €, Comparison Price: 17,93 €/kg
Product: FUN Light metsämarjanmakuinen juomatiiviste 0,5l, Unit Price: 2,39 €, Comparison Price: 4,38 €/l
Product: Bergader Bavaria blu CLASSIC blue 150g valkosinihomejuusto, Unit Price: 1,99 €, Comparison Price: 13,27 €/kg
Product: FUN Light metsämarjanmakuinen juomatiiviste 1,0l, Unit Price: 4,75 €, Comparison Price: 4,35 €/l
Product: Castello 150 g Intense Blue sinihomejuusto, Unit Price: 2,69 €, Comparison Price: 17,93 €/kg
Product: FUN Light mansikanmakuinen juomatiiviste 0,5l, Unit Price: 2,39 €, Comparison Price: 4,38 €/l
Product: BE Gourmet 100g mieto herkullinen sinihomejuusto, Unit Price: 1,69 €, Comparison Price: 16,90 €/kg
Product: Mehukatti Sokeriton Sekamehujuomatiiviste 1+3 1,5 L, Unit Price: 3,49 €, Comparison Price: 2,33 €/l
Product: Roquefort 100g Société sinihomejuusto, Unit Price: 3,99 €, Comparison Price: 39,90 €/kg
Product: Rainbow sokeriton vadelman ja mansikan makuinen juomatiiviste 1+7 0,5l, Unit Price: 2,35 €, Comparison Price: 4,30 €/l
Product: FUN Light Ice Tea persikka jääteen makuinen juomatiiviste 0,5l, Unit Price: 2,59 €, Comparison Price: 4,78 €/l
Product: Peltolan Blue sinihomejuusto 125g, Unit Price: 4,95 €, Comparison Price: 39,60 €/kg
Product: TUC Original suolakeksit 100g, Unit Price: 1,49 €, Comparison Price: 14,90 €/kg
Product: Président Brie juusto 125g, Unit Price: 2,39 €, Comparison Price: 19,12 €/kg
Product: FUN Light mansikan ja raparperin makuinen juomatiiviste 0,5l, Unit Price: 2,59 €, Comparison Price: 4,78 €/l
Product: TUC Original suolakeksi 300g, Unit Price: 3,85 €, Comparison Price: 12,83 €/kg
Product: FUN Light passiohedelmän ja raparperin makuinen juomatiiviste 0,5l, Unit Price: 2,59 €, Comparison Price: 4,78 €/l
Product: Président Sainte Maure vuohenjuusto 200g, Unit Price: 4,59 €, Comparison Price: 22,95 €/kg
Product: TUC Sour Cream&Onion suolakeksejä 100g, Unit Price: 1,49 €, Comparison Price: 14,90 €/kg
Product: FUN Light vadelmanmakuinen juomatiiviste 0,5l, Unit Price: 2,59 €, Comparison Price: 4,78 €/l
Product: Président 200g Brie Juusto kiilapala, Unit Price: 3,95 €, Comparison Price: 19,75 €/kg
Product: Ekströms mansikkainen sekamehutiiviste 0,5l, Unit Price: 5,49 €, Comparison Price: 10,58 €/l
Product: Rainbow suolakeksi 200g, Unit Price: 1,39 €, Comparison Price: 6,95 €/kg
Product: Rainbow 180g Vuohenvalkohomejuusto, Unit Price: 2,33 €, Comparison Price: 12,94 €/kg
Product: TUC Paprika salted biscuits 100g, Unit Price: 1,49 €, Comparison Price: 14,90 €/kg
Product: Rainbow sokeriton metsämarjan makuinen juomatiiviste 0,5l, Unit Price: 2,35 €, Comparison Price: 4,30 €/l
Product: Castello White 150 g valkohomejuusto, Unit Price: 2,69 €, Comparison Price: 17,93 €/kg
Product: Kantolan Suola Cracker suolakeksi 150g, Unit Price: 1,95 €, Comparison Price: 13,00 €/kg
Product: Ekströms Vanhan ajan mustaherukkamehutiiviste 0,58l, Unit Price: 6,35 €, Comparison Price: 10,95 €/l
Product: Bergader Mini Brie 150g vähälaktoosinen valkohomejuusto, Unit Price: 1,99 €, Comparison Price: 13,27 €/kg
Product: Griesson Twist Snack Juusto 125g, Unit Price: 1,79 €, Comparison Price: 14,32 €/kg
Product: Soignon vuohenjuustorulla yrteillä 150g, Unit Price: 2,99 €, Comparison Price: 19,93 €/kg
Product: FUN Light karambolan ja passiohedelmän makuinen juomatiiviste 0,5l, Unit Price: 2,59 €, Comparison Price: 4,78 €/l
Product: Rainbow 300g Salt Crackers suolakeksi, Unit Price: 1,05 €, Comparison Price: 3,50 €/kg
Product: Castello Extra Creamy Brie 200 g, Unit Price: 3,49 €, Comparison Price: 17,45 €/kg
Product: Rainbow sokeriton karpalon ja mustaherukan makuinen juomatiiviste 1+7 0,5l, Unit Price: 2,35 €, Comparison Price: 4,30 €/l
Product: Kantolan Valitut suolakeksi 200g, Unit Price: 2,99 €, Comparison Price: 14,95 €/kg
Product: Rainbow ananaksen, appelsiinin ja passiohedelmän makuinen juomatiiviste 1+7 0,5l, Unit Price: 2,35 €, Comparison Price: 4,30 €/l
Product: Castello 150 g Golden punavalkohomejuusto, Unit Price: 2,69 €, Comparison Price: 17,93 €/kg
Product: Mehukatti Sokeriton Metsämansikkamehujuomatiiviste 1+3 1,5 L, Unit Price: 3,49 €, Comparison Price: 2,33 €/l
Product: Soignon Ste Maure Vuohenmaitojuusto 400g, Unit Price: 7,99 €, Comparison Price: 19,97 €/kg
Product: Croco Pizzanmakuisia suolakeksejä 100g, Unit Price: 0,69 €, Comparison Price: 6,90 €/kg
Product: ZERoh! Juicy Pineapple Juomatiiviste 0,8l, Unit Price: 4,39 €, Comparison Price: 5,24 €/l
Product: Président 200g Brie Gourmet juusto, Unit Price: 3,89 €, Comparison Price: 19,45 €/kg
Product: Coop sekajuomatiiviste sokeriton 1+3 1,5l, Unit Price: 3,29 €, Comparison Price: 2,19 €/l
Product: Président l ’Ovale Extra Creamy Brie 200g, Unit Price: 3,89 €, Comparison Price: 19,45 €/kg
Product: Kantolan Valitut Pikkukeksi suolakeksi 120g, Unit Price: 2,35 €, Comparison Price: 19,58 €/kg
Product: La Belle Laitiere Brie 200g, Unit Price: 2,59 €, Comparison Price: 12,95 €/kg
Product: FUN Light kolanmakuinen juomatiiviste 0,5l, Unit Price: 2,59 €, Comparison Price: 4,78 €/l
Product: Castello Extra Creamy Brie with Chili 180g, Unit Price: 3,49 €, Comparison Price: 19,39 €/kg
Product: TUC Sweet Chili suolakeksejä 100g, Unit Price: 1,45 €, Comparison Price: 14,50 €/kg
Product: ZERoh! Mango & Sitruuna Juomatiiviste 0,8l, Unit Price: 4,39 €, Comparison Price: 5,24 €/l
Product: Le Rustique camembert 250g, Unit Price: 6,49 €, Comparison Price: 25,96 €/kg
Product: TUC Cheese suolakeksi 100g, Unit Price: 1,49 €, Comparison Price: 14,90 €/kg
Product: ZERoh! Sitruuna & Lime Juomatiiviste 0,8l, Unit Price: 4,39 €, Comparison Price: 5,24 €/l
Product: TUC Bacon suolakeksi 100g, Unit Price: 1,49 €, Comparison Price: 14,90 €/kg
Product: Mehukatti Sokeriton Päärynämehujuomatiiviste 1+3 1,5 L, Unit Price: 3,49 €, Comparison Price: 2,33 €/l
Product: Ritz Original suolakeksi 150g, Unit Price: 2,05 €, Comparison Price: 13,67 €/kg
Product: Croco Suolakeksejä 100g, Unit Price: 0,69 €, Comparison Price: 6,90 €/kg
Product: Croco juustonmakuisia suolakeksejä 100g, Unit Price: 0,69 €, Comparison Price: 6,90 €/kg
Product: Finax Gluteenittomat Juustokeksit 100g, Unit Price: 3,25 €, Comparison Price: 32,50 €/kg
Product: TUC Baked Bites Cream cheese&Onion suolakeksi 110g, Unit Price: 2,25 €, Comparison Price: 20,45 €/kg
Product: Breton Basilika&oliiviöljy voileipäkeksi 112g, Unit Price: 2,35 €, Comparison Price: 20,98 €/kg
Product: TUC Baked Bites Paprika suolakeksi 110g, Unit Price: 2,25 €, Comparison Price: 20,45 €/kg
Product: TUC Party Mix suolakeksi 400g, Unit Price: 5,89 €, Comparison Price: 14,72 €/kg
Product: Breton Original voileipäkeksi 112g, Unit Price: 2,35 €, Comparison Price: 20,98 €/kg
Product: Schär Salti suolakeksi 175g GTON, Unit Price: 2,89 €, Comparison Price: 16,51 €/kg
Product: Mini-Maid Kartonkilautanen ruskea 18x18cm valkaisematon kartonki FSC, Unit Price: 1,99 €, Comparison Price: 0,10 €/kpl
Product: Coop salsakastike mieto 300 g, Unit Price: 1,99 €, Comparison Price: 6,63 €/kg
Product: HK Mummon lihapullat 300 g, Unit Price: 2,69 €, Comparison Price: 8,97 €/kg
Product: Rainbow 260g herkkuluu 30kpl, Unit Price: 1,39 €, Comparison Price: 5,35 €/kg
Product: Coop valkosuklaa-sitruunacookie 150 g, Unit Price: 0,99 €, Comparison Price: 6,60 €/kg
Product: Atria Rotukarjan Naudan jauheliha 12% 300g, Unit Price: 4,95 €, Comparison Price: 16,50 €/kg
Product: Keskisen Myllyn Kotimainen täysjyvä tattarijauho 1kg, Unit Price: 3,35 €, Comparison Price: 3,35 €/kg
Product: Tamminen rotukarja naudan paistijauheliha 8% 250g, Unit Price: 6,15 €, Comparison Price: 24,60 €/kg
Product: Atria Artesaani Rustiikkinen Lihapulla 250g, Unit Price: 2,69 €, Comparison Price: 10,76 €/kg
Product: Clipper Luomu kamomilla yrttihauduke 30g / 20 pussia, Unit Price: 2,89 €, Comparison Price: 96,33 €/kg
Product: Gymstick Pro vastuskuminauhat Light, Unit Price: 7,99 €, Comparison Price: 
Product: Grooved Dinner 2' 2,2x29cm valkoinen, Unit Price: 3,25 €, Comparison Price: 1,63 €/kpl
Product: Rainbow kruunukynttilä 10kpl, Unit Price: 4,25 €, Comparison Price: 0,43 €/kpl
Product: Grooved Dinner 2' 2,2x29cm vedensinen, Unit Price: 3,25 €, Comparison Price: 1,63 €/kpl
Product: Änglamark kruunukynttilä 20 cm 30 kpl valkoinen, Unit Price: 14,50 €, Comparison Price: 0,48 €/kpl
Product: Rainbow rustiikki kruunukynttilä vaaleansininen, Unit Price: 0,85 €, Comparison Price: 
Product: Havi Kruunukynttilä valkoinen 20cm 5kpl 7h, Unit Price: 3,45 €, Comparison Price: 0,69 €/kpl
Product: Rainbow antiikkikynttilä roosa 10 kpl, Unit Price: 5,95 €, Comparison Price: 0,60 €/kpl
Product: Rainbow rustiikki kruunukynttilä valkoinen, Unit Price: 0,85 €, Comparison Price: 
Product: Havi 4kpl/28cm valkoinen antiikkikynttilä 8 h, Unit Price: 4,29 €, Comparison Price: 1,07 €/kpl
Product: Änglamark kruunukynttilä 24 cm 20 kpl valkoinen, Unit Price: 11,50 €, Comparison Price: 0,57 €/kpl
Product: Havi antiikkikynttilä puuteri 28cm 4kpl 8 h, Unit Price: 4,29 €, Comparison Price: 1,07 €/kpl
Product: Rainbow pitkä kruunukynttilä 30cm 8kpl, Unit Price: 9,35 €, Comparison Price: 1,17 €/kpl
Product: Rainbow antiikkikynttilä shampanja 10 kpl, Unit Price: 5,95 €, Comparison Price: 0,60 €/kpl
Product: Rainbow rustiikki kruunukynttilä beige, Unit Price: 0,85 €, Comparison Price: 
Product: Rainbow antiikkikynttilä 10kpl valkoinen, Unit Price: 5,95 €, Comparison Price: 0,60 €/kpl
Product: Havi antiikkikynttilä vaaleansininen 28cm 4kpl  8 h, Unit Price: 4,29 €, Comparison Price: 1,07 €/kpl
Product: Rainbow antiikkikynttilä keltainen 10 kpl, Unit Price: 5,95 €, Comparison Price: 0,60 €/kpl
Product: Havi antiikkikynttilä samppanja 28cm 4kpl 8 h, Unit Price: 4,29 €, Comparison Price: 1,07 €/kpl
Product: Rainbow rustiikki kruunukynttilä roosa, Unit Price: 0,85 €, Comparison Price: 
Product: Pågen Vanillas vehnäpullat vaniljakreemillä 220g, Unit Price: 2,25 €, Comparison Price: 10,23 €/kg
Product: Coop ananaspalat 250 g pakaste, Unit Price: 2,25 €, Comparison Price: 9,00 €/kg
Product: 160g/104g Rio Mare MSC tonnikala oliiviöljyssä, Unit Price: 3,65 €, Comparison Price: 35,10 €/kg
Product: MUU Pyörykkä Chili-Vuusto 210 g, Unit Price: 2,95 €, Comparison Price: 14,05 €/kg
Product: Rainbow 185/138g tonnikalaa tillillä, Unit Price: 1,99 €, Comparison Price: 10,76 €/kg
Product: Kivikylän Palvarin Täytetty Lihapyörykkä Chili 300g, Unit Price: 3,09 €, Comparison Price: 10,30 €/kg
Product: Rainbow 500ml uunin- ja grillinpuhdistusaine, Unit Price: 1,99 €, Comparison Price: 3,98 €/l
Product: Ekströms Vanhan ajan puolukkahillo 410g, Unit Price: 3,19 €, Comparison Price: 7,78 €/kg
Product: Xtra suodatinpussi 102 valkaisematon 200 kpl, Unit Price: 1,59 €, Comparison Price: 0,01 €/kpl
Product: Valio kahvimaito 1 l laktoositon UHT, Unit Price: 1,40 €, Comparison Price: 1,40 €/l
Product: Erittäin Hieno Suomalainen Hellä hoitoaine 300ml, Unit Price: 1,79 €, Comparison Price: 5,97 €/l
Product: Duni 20kpl 6cl Bio vihreä kartonkimuki x 12, Unit Price: 1,59 €, Comparison Price: 0,08 €/kpl
Product: Fazer Carneval keksi 175g, Unit Price: 3,65 €, Comparison Price: 20,86 €/kg
Product: Fazer Moomin kuviokeksi 175g, Unit Price: 2,89 €, Comparison Price: 16,51 €/kg
Product: Fazer Carneval Prinsessa piparkakku 175g, Unit Price: 3,65 €, Comparison Price: 20,86 €/kg
Product: Fazer Moomin suklaakeksi 175g, Unit Price: 2,99 €, Comparison Price: 17,09 €/kg
Product: Rainbow Keksinautin täytekeksi 185 g, Unit Price: 2,45 €, Comparison Price: 13,24 €/kg
Product: Nora teddies biscuits 175g lasten keksejä, Unit Price: 2,59 €, Comparison Price: 14,80 €/kg
Product: Nora heart biscuits 162g lasten keksejä, Unit Price: 2,59 €, Comparison Price: 15,99 €/kg
Product: Muc-Off pyöränpesuaine 500ml, Unit Price: 6,99 €, Comparison Price: 
Product: Rainbow 500g kahvi pannujauhatus, Unit Price: 4,89 €, Comparison Price: 9,78 €/kg
Product: Mama Ankanmakuinen nuudeli 55g, Unit Price: 0,69 €, Comparison Price: 12,55 €/kg
Product: REX KETJUÖLJY DOMESTIQUE, Unit Price: 19,95 €, Comparison Price: 
Product: Xtra tortilla chips maissilastut 450 g, Unit Price: 1,65 €, Comparison Price: 3,67 €/kg
Product: Santa Maria 475g Nacho Chips -maissilastut, Unit Price: 2,99 €, Comparison Price: 6,29 €/kg
Product: Doritos Nacho Cheese maustettu maissilastu 170g, Unit Price: 2,59 €, Comparison Price: 15,24 €/kg
Product: Doritos makea chilipaprika nacho maissilastu 170g, Unit Price: 2,59 €, Comparison Price: 15,24 €/kg
Product: MUU Arkijauhis 320 g, Unit Price: 2,79 €, Comparison Price: 8,72 €/kg
Product: Santa Maria Nacho Chips maissilastut 185g, Unit Price: 1,69 €, Comparison Price: 9,14 €/kg
Product: Coop tortilla chips 150 g, Unit Price: 1,19 €, Comparison Price: 7,93 €/kg
Product: Santa Maria Tortilla Chips Salted suolatut maissilastut 185 g, Unit Price: 1,69 €, Comparison Price: 9,14 €/kg
Product: Indian Original nacho maissilastu 450g, Unit Price: 3,29 €, Comparison Price: 7,31 €/kg
Product: Santa Maria Tortilla Chips Salted suolatut maissilastut 475 g, Unit Price: 2,89 €, Comparison Price: 6,08 €/kg
Product: Coop nachos chips 150 g, Unit Price: 1,35 €, Comparison Price: 9,00 €/kg
Product: Xtra tortilla chips maissilastut juusto 450 g, Unit Price: 2,79 €, Comparison Price: 6,20 €/kg
Product: Doritos flaming hot nacho maustettu maissilastu 170g, Unit Price: 2,59 €, Comparison Price: 15,24 €/kg
Product: Doritos Pure Paprika maustettu maissilastu 170g, Unit Price: 2,59 €, Comparison Price: 15,24 €/kg
Product: Indian Original nacho maissilastu 200g, Unit Price: 2,39 €, Comparison Price: 11,95 €/kg
Product: Coop tortilla chips juusto 150 g, Unit Price: 1,19 €, Comparison Price: 7,93 €/kg
Product: Doritos Cool American nacho maissilastu 170g, Unit Price: 2,59 €, Comparison Price: 15,24 €/kg
Product: Santa Maria Tortilla Chips Cheese & Jalapeño Tortillasipsit, juusto & jalapeno 185g, Unit Price: 1,59 €, Comparison Price: 8,59 €/kg
Product: Santa Maria Tortilla Chips Cheese juuston makuiset maissitortillalastut 185 g, Unit Price: 1,59 €, Comparison Price: 8,59 €/kg
Product: Santa Maria 475G Mini Nacho Chips, Unit Price: 3,49 €, Comparison Price: 7,35 €/kg
Product: Salted Yellow Corn Chips - Tortillalastut, vamistettu 100% keltaisesta maissista., Unit Price: 2,29 €, Comparison Price: 12,38 €/kg
Product: Santa Maria 185G Tortilla Chips Pico de Gallo, Unit Price: 2,05 €, Comparison Price: 11,08 €/kg
Product: Änglamark maissilastu luomu 125 g, Unit Price: 1,69 €, Comparison Price: 13,52 €/kg
Product: Poco Loco Suolattu Nacho Chips 750g, Unit Price: 5,29 €, Comparison Price: 7,05 €/kg
Product: Doritos lightly salted maustettu nacho maissilastu 170g, Unit Price: 2,59 €, Comparison Price: 15,24 €/kg
Product: Oolannin mikrovalmiit ranskanperunat 400g, Unit Price: 3,05 €, Comparison Price: 7,62 €/kg
Product: House juomapurkki Pääkallo 4,5 dl, Unit Price: 2,50 €, Comparison Price: 
Product: Helsingin Döner Pitakebab 195 g, Unit Price: 1,99 €, Comparison Price: 10,21 €/kg
Product: Maybelline New York  Fit Me Concealer 10 peiteväri 6,8ml, Unit Price: 8,90 €, Comparison Price: 
Product: Stor muki Pipsa Possu 2,65 dl, Unit Price: 2,50 €, Comparison Price: 
Product: Froosh Mango, passion apple  750 ml, Unit Price: 0,10 €, Comparison Price: 0,13 €/l
Product: Vöner Pita 195g, Unit Price: 2,99 €, Comparison Price: 15,33 €/kg
Product: Rainbow kalkinpoistaja 500 ml, Unit Price: 1,99 €, Comparison Price: 3,98 €/l
Product: Ålandsmejeriet Lakritsijogurtti 1kg, Unit Price: 2,49 €, Comparison Price: 2,49 €/kg
Product: Kotimaista naudan burgerpihvi 500 g, Unit Price: 5,99 €, Comparison Price: 11,98 €/kg
Product: Pledge 250ml wood huonekaluaerosoli, Unit Price: 3,79 €, Comparison Price: 15,16 €/l
Product: Johan Jureskog Chilibearnaisekastike 230ml, Unit Price: 2,99 €, Comparison Price: 13,00 €/l
Product: Lumene Blur Pitkäkestoinen pohjustusvoide 20ml, Unit Price: 14,90 €, Comparison Price: 745,00 €/l
Product: Nestlé Nan 200ml Pro 2 maitopohjainen käyttövalmis vierotusvalmiste, Unit Price: 0,79 €, Comparison Price: 3,95 €/l
Product: Kotimaista nauta-sika jauheliha 20 % 700 g, Unit Price: 3,99 €, Comparison Price: 5,70 €/kg
Product: Scrub Daddy Power Paste puhdistusaine ja Scrub Mommy sieni 250 g, Unit Price: 7,49 €, Comparison Price: 29,96 €/kg
Product: Foodin Chia Good mango-mandariini smoothie, 250ml, Unit Price: 2,95 €, Comparison Price: 11,40 €/l
Product: Atria Nauta-Viljapossu Jauheliha 250g, Unit Price: 2,49 €, Comparison Price: 9,96 €/kg
Product: Semper BabySemp1 200ml käyttövalmis maitopohjainen äidinmaidonkorvike syntymästä alkaen, Unit Price: 0,79 €, Comparison Price: 3,95 €/l
Product: Xtra kakkulapio, Unit Price: 5,25 €, Comparison Price: 
Product: House talouspaperiteline 30 cm, Unit Price: 8,95 €, Comparison Price: 
Product: Hackman Savonia kakkulapio, Unit Price: 18,50 €, Comparison Price: 
Product: House hedelmäkori ø 31 cm, Unit Price: 6,70 €, Comparison Price: 
Product: Maku Talouspaperiteline akasia, Unit Price: 8,95 €, Comparison Price: 
Product: House talouspaperiteline 33 cm, Unit Price: 5,95 €, Comparison Price: 
Product: Fackelmann korkkinen pannunalunen 2 kpl, Unit Price: 5,95 €, Comparison Price: 
Product: Hackman Carelia kakkulapio, Unit Price: 24,50 €, Comparison Price: 
Product: House leipäkori 30x20x7 cm, Unit Price: 4,95 €, Comparison Price: 
Product: House viinipulloteline 21x17x35,5 cm, Unit Price: 4,00 €, Comparison Price: 
Product: House leipäkori 25x7 cm, Unit Price: 5,95 €, Comparison Price: 
Product: House tarjoilupihdit, Unit Price: 5,50 €, Comparison Price: 
Product: Hackman Savonia kakkulapio Puutarhurit 2023, Unit Price: 18,50 €, Comparison Price: 
Product: House tarjoiluottimet 2 kpl, Unit Price: 5,90 €, Comparison Price: 2,95 €/kpl
Product: House pannunalunen Hexagon 15,8 x 13,6 cm, Unit Price: 3,00 €, Comparison Price: 
Product: House talouspaperiteline 34 cm, Unit Price: 3,95 €, Comparison Price: 
Product: House talouspaperiteline 35 cm, Unit Price: 4,95 €, Comparison Price: 
Product: Ratia Unna talouspaperiteline musta, Unit Price: 16,90 €, Comparison Price: 
Product: Hackman Savonia tarjoiluvälineet, Unit Price: 23,50 €, Comparison Price: 
Product: House leipäkori ø 21 cm, Unit Price: 5,95 €, Comparison Price: 
Product: Hackman Savonia salaattiottimet, Unit Price: 24,50 €, Comparison Price: 
Product: Ratia Unna talouspaperiteline koivua, Unit Price: 16,90 €, Comparison Price: 
Product: House talouspaperiteline, Unit Price: 9,95 €, Comparison Price: 
Product: Hackman Savonia leikkelehaarukka 4kpl, Unit Price: 18,50 €, Comparison Price: 4,63 €/kpl
Product: Xtra jälkiruokahaarukka 6 kpl, Unit Price: 5,25 €, Comparison Price: 0,88 €/kpl
Product: Xtra ruokahaarukka 6 kpl, Unit Price: 5,95 €, Comparison Price: 0,99 €/kpl
Product: Xtra kakkulapio, Unit Price: 5,25 €, Comparison Price: 
Product: Xtra ruokalusikka 6kpl, Unit Price: 5,95 €, Comparison Price: 0,99 €/kpl
Product: L ATERIMET MUUMI 2KPL, Unit Price: 10,50 €, Comparison Price: 5,25 €/kpl
Product: House syömäpuikot 5 paria, Unit Price: 5,90 €, Comparison Price: 0,59 €/kpl
Product: Hackman Savonia ruokahaarukka 6kpl, Unit Price: 25,50 €, Comparison Price: 4,25 €/kpl
Product: House kahvilusikka Scandic 6 kpl, Unit Price: 6,90 €, Comparison Price: 1,15 €/kpl
Product: House ruokahaarukka Scandic 6 kpl, Unit Price: 9,50 €, Comparison Price: 1,58 €/kpl
Product: Xtra kahvilusikka 6 kpl, Unit Price: 5,25 €, Comparison Price: 0,88 €/kpl
Product: Xtra ruokaveitsi 3 kpl, Unit Price: 5,95 €, Comparison Price: 1,98 €/kpl
Product: House ruokahaarukka Leo 4 kpl, Unit Price: 8,50 €, Comparison Price: 2,13 €/kpl
Product: Moomin Arabia Hackman Muumi lasten aterinsetti Perhe 4-osainen, Unit Price: 39,90 €, Comparison Price: 
Product: Hackman Carelia ruokahaarukka 2kpl, Unit Price: 22,50 €, Comparison Price: 11,25 €/kpl
Product: Hackman Savonia ruokalusikka 6kpl, Unit Price: 25,50 €, Comparison Price: 4,25 €/kpl
Product: Hackman Savonia kakkulapio, Unit Price: 18,50 €, Comparison Price: 
Product: House ruokalusikka Scandic 6 kpl, Unit Price: 9,50 €, Comparison Price: 1,58 €/kpl
Product: Hackman Carelia kakkulapio, Unit Price: 24,50 €, Comparison Price: 
Product: Hackman Savonia kahvilusikka 6kpl, Unit Price: 18,90 €, Comparison Price: 3,15 €/kpl
Product: Hackman Savonia teelusikka 6kpl, Unit Price: 24,50 €, Comparison Price: 4,08 €/kpl
Product: House ruokaveitsi Scandic 3 kpl, Unit Price: 6,90 €, Comparison Price: 2,30 €/kpl
Product: House ruokaveitsi Leo 4 kpl, Unit Price: 8,90 €, Comparison Price: 2,23 €/kpl
Product: House tarjoilupihdit, Unit Price: 5,50 €, Comparison Price: 
Product: Hackman Savonia ruokaveitsi 6kpl, Unit Price: 41,50 €, Comparison Price: 6,92 €/kpl
Product: Saarioinen Mansikkahillo 500g, Unit Price: 3,69 €, Comparison Price: 7,38 €/kg
Product: LV 500ml Desinfiointi kodin pinnoille, Unit Price: 6,99 €, Comparison Price: 13,98 €/l
Product: Jupiter jalkapumppu mittarilla, Unit Price: 22,95 €, Comparison Price: 
Product: Bolsius tuoksukynttilät 95/95 mango, Unit Price: 5,95 €, Comparison Price: 
Product: Elonen Superkorvapuusti 2kpl 240g, Unit Price: 2,15 €, Comparison Price: 8,96 €/kg
Product: Duni Paper+ Design 10kpl 22cm Splash Balloon kartonkilautanen, Unit Price: 2,65 €, Comparison Price: 0,27 €/kpl
Product: Rainbow hautakynttilä 24H, Unit Price: 0,79 €, Comparison Price: 
Product: Bolsius Iso hautakynttilä Valkoinen, Unit Price: 2,65 €, Comparison Price: 
Product: Rainbow hautakynttilä 96 h, Unit Price: 1,79 €, Comparison Price: 
Product: Bolsius HAUTAKYNTTILÄ OLET AINA SYDÄMESSÄNI 70H Valkoinen, Unit Price: 2,25 €, Comparison Price: 
Product: Bolsius Lasilyhty Twist 24hours Valkoinen, Unit Price: 1,95 €, Comparison Price: 
Product: Havi Muistoksi-lyhty hautakynttilä 1kpl, Unit Price: 2,29 €, Comparison Price: 
Product: Hansa lasinen hautakynttilä SYDÄN, paloaika noin 60 tuntia, Unit Price: 2,65 €, Comparison Price: 
Product: Bolsius Hautakynttilä 70h myrskykansi "heaven" Valkoinen, Unit Price: 2,15 €, Comparison Price: 
Product: Bolsius HAUTAKYNTTILA 70H Myrskykansi Valkoinen, Unit Price: 1,89 €, Comparison Price: 
Product: Havi Havulyhty hautakynttilä 1kpl, Unit Price: 3,15 €, Comparison Price: 
Product: Bolsius Hautakynttilä 70h "Muistaen" Valkoinen, Unit Price: 2,25 €, Comparison Price: 
Product: Havi hautakynttilä refill 6kpl 24h, Unit Price: 7,25 €, Comparison Price: 1,21 €/kpl
Product: Bolsius Lasilyhty Timanttic Gold metal lid White, Unit Price: 3,59 €, Comparison Price: 
Product: Fazer Gluteeniton Piirakkataikina 350g, pakaste, Unit Price: 4,85 €, Comparison Price: 13,86 €/kg
Product: Tankoparsa vihreä 250 g, Unit Price: 5,39 €, Comparison Price: 21,56 €/kg
Product: Rainbow 225g voffeli valkosuklaa, Unit Price: 1,99 €, Comparison Price: 8,84 €/kg
Product: Mutti luomu tomaattimurska 400g, Unit Price: 1,65 €, Comparison Price: 4,12 €/kg
Product: Myllyn Paras Makaroni 400g, Unit Price: 0,39 €, Comparison Price: 0,98 €/kg
Product: Myllyn Paras Tumma Makaroni 400 g, Unit Price: 0,45 €, Comparison Price: 1,13 €/kg
Product: Torino 750g täysjyvämakaroni, Unit Price: 2,09 €, Comparison Price: 2,79 €/kg
Product: Torino 400g makaroni, Unit Price: 0,59 €, Comparison Price: 1,48 €/kg
Product: Torino 400g tumma makaroni, Unit Price: 1,05 €, Comparison Price: 2,63 €/kg
Product: Semper Gluteeniton Kuitupitoinen Makaroni pasta 450g, Unit Price: 3,75 €, Comparison Price: 8,33 €/kg
Product: Xtra pikamakaroni 1 kg, Unit Price: 1,05 €, Comparison Price: 1,05 €/kg
Product: Rummo Gluteeniton makaroni 400g, Unit Price: 3,09 €, Comparison Price: 7,73 €/kg
Product: SamMills Pasta d'oro 500g Makaroner luontaisesti gluteeniton pasta, Unit Price: 2,59 €, Comparison Price: 5,18 €/kg
Product: Torino 380g kaura-porkkana täysjyvämakaroni, Unit Price: 2,35 €, Comparison Price: 6,18 €/kg
Product: Myllyn Paras Luomu Makaroni 400g, Unit Price: 0,95 €, Comparison Price: 2,37 €/kg
Product: Semper Gluteeniton Makaroni pasta 500g, Unit Price: 3,79 €, Comparison Price: 7,58 €/kg
Product: Rainbow maccheroni pasta gluteeniton 500 g, Unit Price: 2,49 €, Comparison Price: 4,98 €/kg
Product: Torino 500g ruispasta, Unit Price: 2,15 €, Comparison Price: 4,30 €/kg
Product: Felicia Mezzi Rigatoni kaurasta valmistettu kuviopasta 250g, Unit Price: 2,50 €, Comparison Price: 10,00 €/kg
Product: Felicia penne-pasta maissista ja riisistä, gluteeniton 500 g, Unit Price: 3,39 €, Comparison Price: 6,78 €/kg
Product: Sini ikkunankuivain 40cm, Unit Price: 8,79 €, Comparison Price: 
Product: Sini Ikkunanpesin 33 cm, Unit Price: 12,95 €, Comparison Price: 
Product: McLean ikkunanpesusetti mikrokuitua 2kpl, Unit Price: 2,59 €, Comparison Price: 1,30 €/kpl
Product: Vileda Ikkunaliina 2 kpl, Unit Price: 4,95 €, Comparison Price: 2,48 €/kpl
Product: Sini Vaihtopäällinen ikkunanpesin-kuivaimeen, Unit Price: 6,95 €, Comparison Price: 
Product: Nordic Stream ikkunanpesusetti DNS15735, Unit Price: 10,95 €, Comparison Price: 
Product: Nordic Stream vaihtomoppi ikkunanpesusettiin DNS15736, Unit Price: 4,95 €, Comparison Price: 
Product: LOTUS Emilia Design talouspaperi 4 rll, Unit Price: 3,39 €, Comparison Price: 0,85 €/kpl
Product: Fragata jalapenoviipaleet 350//200g, Unit Price: 1,75 €, Comparison Price: 8,75 €/kg
Product: Weldtite ketjuspray teflon 400ml, Unit Price: 9,99 €, Comparison Price: 
Product: NIVEA 6pcs Daily Essentials Refining Clear-up Strips puhdistuslaput kasvojen T-alueelle, Unit Price: 5,99 €, Comparison Price: 0,75 €/kpl
Product: LV 75 ml Kuorintavoide kasvoille, Unit Price: 6,45 €, Comparison Price: 86,00 €/l
Product: Lumene PUHDAS Syväpuhdistava kasvokuorinta 75ml, Unit Price: 8,95 €, Comparison Price: 119,33 €/l
Product: Carrefour Soft kasvokuorinta 75 ml, Unit Price: 1,99 €, Comparison Price: 26,53 €/l
Product: L'Oréal Paris Men Expert Hydra Energetic puhdistava kasvojenkuorintageeli 100ml, Unit Price: 7,25 €, Comparison Price: 72,50 €/l
Product: NIVEA 75ml Purify Rice Scrub -kuorintavoide sekaiholle, Unit Price: 8,05 €, Comparison Price: 107,33 €/l
Product: Neutrogena Blackhead Eliminating Facial Scrub kuorintavoide 150 ml, Unit Price: 6,85 €, Comparison Price: 45,67 €/l
Product: Ziaja Jeju nuoren ihon mikrokuorinta kasvoille 75ml, Unit Price: 4,95 €, Comparison Price: 66,00 €/l
Product: Neutrogena Clear & Defend Facial Scrub kuorintavoide 150 ml, Unit Price: 6,85 €, Comparison Price: 45,67 €/l
Product: Ziaja C.B3 vitamiini heleyttävä rakeeton kuorinta 100 ml, Unit Price: 5,95 €, Comparison Price: 59,50 €/l
Product: NIVEA 75ml Smooth Rice Scrub -kasvojenkuorintavoide, Unit Price: 8,95 €, Comparison Price: 119,33 €/l
Product: Mossa syväpuhdistava hiilikuorinta, Unit Price: 11,95 €, Comparison Price: 199,17 €/l
Product: NIVEA 40ml Derma Skin Clear Chemical Exfoliator -kemiallinen kuorintavoide, Unit Price: 9,05 €, Comparison Price: 226,25 €/l
Product: MOSSA Peel & Glow Kuoriva seerumi 30ml, Unit Price: 15,95 €, Comparison Price: 531,67 €/l
Product: Ziaja sunny mango huulikuorinta 12ml, Unit Price: 5,25 €, Comparison Price: 437,50 €/l
Product: NIVEA 150ml Derma Skin Clear Anti-Blemish Scrub -kuorintavoide, Unit Price: 7,35 €, Comparison Price: 49,00 €/l
Product: Core by Dick Johnson kuorintageeli 50 ml, Unit Price: 6,45 €, Comparison Price: 129,00 €/l
Product: Lumene TYYNI Tasapainottava kuorintaneste 150 ml, Unit Price: 14,95 €, Comparison Price: 99,67 €/l
Product: Natuk Hydra Boost 50ml Kuoriva naamio, Unit Price: 18,25 €, Comparison Price: 365,00 €/l
Product: JUNGLE JUICE BAR Red Panda 250ml, Unit Price: 2,95 €, Comparison Price: 11,40 €/l
Product: Lasikynttilä 8,5x8,5x8,5 cm tuoksu White Tea & Ginger, Unit Price: 5,65 €, Comparison Price: 
Product: Coop Asia minimaissit 410/200 g, Unit Price: 1,35 €, Comparison Price: 3,29 €/kg
Product: Coop mansikkahillo pullossa 400 g, Unit Price: 2,79 €, Comparison Price: 6,98 €/kg
Product: Spen cocktailtikku 1000kpl 1572, Unit Price: 2,49 €, Comparison Price: 0,01 €/kpl
Product: Hansa Candle Venetsia lasikynttilä 45-50h Fuchsia, Unit Price: 2,35 €, Comparison Price: 
Product: Decorata party serpentiini 89183 1 rll, Unit Price: 1,95 €, Comparison Price: 
Product: Vitakraft Pepper koiran lelu, Unit Price: 2,95 €, Comparison Price: 
Product: Best Friend Wheezy koiran lateksipallo lajitelma, Unit Price: 2,35 €, Comparison Price: 
Product: Best Friend Thinny koiran pehmolelu, lajitelma, Unit Price: 7,99 €, Comparison Price: 
Product: Best Friend Ozzie koiran lelu, lajitelma, Unit Price: 4,95 €, Comparison Price: 
Product: Best Friend Max koiran pehmolelu lajitelma, Unit Price: 5,15 €, Comparison Price: 
Product: Best Friend Snacky pallo, Unit Price: 4,99 €, Comparison Price: 
Product: Best Friend Knobby koiran pehmolelu, Unit Price: 8,95 €, Comparison Price: 
Product: Best Friend Ball koiran tennispallo lajitelma, Unit Price: 3,50 €, Comparison Price: 
Product: Camon koiranlelu siilipallo 8cm, Unit Price: 3,99 €, Comparison Price: 
Product: Vitakraft Koiran sportball lateksi, Unit Price: 2,49 €, Comparison Price: 
Product: Best Friend Spiky koiran pallo, värilajitelma, Unit Price: 2,95 €, Comparison Price: 
Product: Vitakraft Aasi koiran lelu, Unit Price: 2,95 €, Comparison Price: 
Product: Best Friend Bite Small koiran purunaru lajitelma, Unit Price: 3,99 €, Comparison Price: 
Product: Best Friend Donut Koiran pehmolelu S, Unit Price: 4,59 €, Comparison Price: 
Product: Best Friend Dental Tug Large koiran lelu, Unit Price: 8,99 €, Comparison Price: 
Product: Best Friend Rubberball koiran pallolelu lajitelma, Unit Price: 5,39 €, Comparison Price: 
Product: Best Friend Lost Buddies Bianca pöyhkeä pallokala koiran lelu, Unit Price: 9,95 €, Comparison Price: 
Product: Best Friend Piggy koiran lateksilelu, Unit Price: 6,50 €, Comparison Price: 
Product: Koiran TPR pentulelu 7cm, Unit Price: 2,99 €, Comparison Price: 
Product: Beeztees Action Ball jalkapallo 12,5cm, Unit Price: 15,99 €, Comparison Price: 
Product: Vitakraft Koiran lelu Monster Ball, Unit Price: 4,29 €, Comparison Price: 130,00 €/kpl
Product: Squishmallows Squeaky pehmolelu tuplapakkaus Dinot 9cm, Unit Price: 13,49 €, Comparison Price: 6,75 €/kpl
Product: Best Friend Tiny Chewers koiran aktivointilelu, lajitelma, Unit Price: 7,29 €, Comparison Price: 
Product: Vitakraft Flamingo koiran lelu, Unit Price: 6,49 €, Comparison Price: 
Product: Smile Bio Muovilasi 250ml, 20 kpl, Unit Price: 1,00 €, Comparison Price: 0,05 €/kpl
Product: Valio pehmeä maitorahka 250 g, Unit Price: 0,89 €, Comparison Price: 3,56 €/kg
Product: Kotimaista 250g rasvaton laktoositon maitorahka, Unit Price: 0,65 €, Comparison Price: 2,60 €/kg
Product: Valio Hyvä suomalainen Arki® pehmeä rahka 200 g laktoositon, Unit Price: 0,69 €, Comparison Price: 3,45 €/kg
Product: Ehrmann Maitorahka 0,2 % g 250 g, Unit Price: 0,89 €, Comparison Price: 3,56 €/kg
Product: Xtra maustamaton rasvaton rahka 500 g, Unit Price: 1,39 €, Comparison Price: 2,78 €/kg
Product: Rainbow 250g jogurttirahka 0,9%, Unit Price: 0,45 €, Comparison Price: 1,80 €/kg
Product: Maitokolmio FIT vähälaktoosinen pehmeä rahka 200g, Unit Price: 0,79 €, Comparison Price: 3,95 €/kg
Product: Ingman Pehmeä Mieto maitorahka 500 g laktoositon, Unit Price: 1,85 €, Comparison Price: 3,70 €/kg
Product: Rahka-Jogurtti 0,9 % 250 g, Unit Price: 0,99 €, Comparison Price: 3,96 €/kg
Product: Arla Lempi Sipoolainen laktoositon 0,7% rahkajogurtti 300 g, Unit Price: 1,59 €, Comparison Price: 5,30 €/kg
Product: Valio maitorahka 500 g laktoositon, Unit Price: 3,59 €, Comparison Price: 7,18 €/kg
Product: Maitokolmio FIT laktoositon pehmeä jogurttirahka 200g, Unit Price: 0,65 €, Comparison Price: 3,25 €/kg
Product: Maitokolmio FIT vähälaktoosinen pehmeä kermainen rahka 200g, Unit Price: 0,99 €, Comparison Price: 4,95 €/kg
Product: Ingman Rahkajogurtti maustamaton 200 g laktoositon, Unit Price: 0,79 €, Comparison Price: 3,95 €/kg
Product: Xtra kookosmaito 400 ml, Unit Price: 1,19 €, Comparison Price: 2,97 €/l
Product: Kara 200ml kookosmaito 17%, Unit Price: 1,25 €, Comparison Price: 6,25 €/l
Product: Santa Maria Coconut Milk Original Kookosmaito 250 ml, Unit Price: 1,79 €, Comparison Price: 7,16 €/l
Product: Santa Maria Kookoskerma 250 ml, Unit Price: 1,79 €, Comparison Price: 7,16 €/l
Product: Coop Taste of Asia kookosmaito 400 ml, Unit Price: 1,19 €, Comparison Price: 2,97 €/l
Product: Foodin kookosmaito luomu 330ml, Unit Price: 1,89 €, Comparison Price: 5,73 €/l
Product: Santa Maria Coconut Milk Organic Kookomaito Luomu 250 ml, Unit Price: 1,95 €, Comparison Price: 7,80 €/l
Product: Santa Maria Coconut Milk Light Kookosmaito Vähärasvainen 250 ml, Unit Price: 1,79 €, Comparison Price: 7,16 €/l
Product: VietCoco kookosmaito 17-19% 400ml, Unit Price: 1,89 €, Comparison Price: 4,72 €/l
Product: ELO COCO Kookosmaito 330ml, Unit Price: 1,85 €, Comparison Price: 5,61 €/l
Product: Spice Up! Kondensoitu kookosmaito 320g, Unit Price: 3,09 €, Comparison Price: 9,66 €/kg
Product: Go-Tan Easy coconut milk 500ml, Unit Price: 3,45 €, Comparison Price: 6,90 €/l
Product: Fazer Dumle summer mix pussi 180g, Unit Price: 3,45 €, Comparison Price: 19,17 €/kpl
Product: Fazer Omar pehmeä toffee karkkipussi 220g, Unit Price: 3,49 €, Comparison Price: 15,86 €/kg
Product: Fazer Dumle Original karkkipussi 200g, Unit Price: 3,45 €, Comparison Price: 17,25 €/kg
Product: Werther´s Original 135g Cream Candies, Unit Price: 2,09 €, Comparison Price: 15,48 €/kg
Product: Hopeatoffee toffee 168,7g, Unit Price: 2,39 €, Comparison Price: 14,14 €/kg
Product: Werther´s Original 125g Salted Caramel Cream, Unit Price: 2,49 €, Comparison Price: 19,92 €/kg
Product: Fazer Dumle mix pussi 200g, Unit Price: 3,45 €, Comparison Price: 17,25 €/kg
Product: Brunberg Suklaakuorrutettuja lakritsitoffeepaloja 200g, Unit Price: 2,49 €, Comparison Price: 12,45 €/kg
Product: Boström Mansikkatorttu 360 g, Unit Price: 3,35 €, Comparison Price: 9,31 €/kg
Product: Koskenkorva PURE Strawberry Lime 5,5% 33cl can, Unit Price: 2,95 €, Comparison Price: 8,48 €/l
Product: Delizie di Calabria pizzakastike 220g, Unit Price: 3,29 €, Comparison Price: 14,95 €/kg
Product: Mutti Polpa basilika hieno tomaattimurska 400g, Unit Price: 1,49 €, Comparison Price: 3,72 €/kg
Product: Zefal jalkapumppu Profil Max FP30, Unit Price: 42,95 €, Comparison Price: 
Product: Coop Gnocchi kuviopasta 500 g, Unit Price: 1,09 €, Comparison Price: 2,18 €/kg
Product: Coop Penne Rigate pasta 500 g, Unit Price: 1,09 €, Comparison Price: 2,18 €/kg
Product: Coop Fusilli pasta 500 g, Unit Price: 1,09 €, Comparison Price: 2,18 €/kg
Product: Rummo Fusilli pasta no 48 500g, Unit Price: 2,55 €, Comparison Price: 5,10 €/kg
Product: Torino 500g täysjyvä cappellipasta, Unit Price: 2,15 €, Comparison Price: 4,30 €/kg
Product: Coop Fusilli täysjyväpasta 500 g, Unit Price: 1,59 €, Comparison Price: 3,18 €/kg
Product: Rummo täysjyvä Fusilli no48 500g, Unit Price: 2,59 €, Comparison Price: 5,18 €/kg
Product: Rummo Conchiglie Rigate pasta no 42 500g, Unit Price: 2,59 €, Comparison Price: 5,18 €/kg
Product: Coop Farfalle tricolore kuviopasta 500 g, Unit Price: 1,45 €, Comparison Price: 2,90 €/kg
Product: Xtra fusillipasta 1 kg, Unit Price: 1,69 €, Comparison Price: 1,69 €/kg
Product: Torino 500g tumma kierrepasta, Unit Price: 2,15 €, Comparison Price: 4,30 €/kg
Product: Rummo Penne rigate pasta no 66 500g, Unit Price: 2,55 €, Comparison Price: 5,10 €/kg
Product: Rainbow Fusilli maissista ja riisistä valmistettu pasta, gluteeniton 340 g, Unit Price: 1,55 €, Comparison Price: 4,56 €/kg
Product: Barilla Fusilli No98 durum wheat pasta 500g, Unit Price: 1,85 €, Comparison Price: 3,70 €/kg
Product: Filos 500g orzo jyväpasta, Unit Price: 1,39 €, Comparison Price: 2,78 €/kg
Product: Coop Fusilli Tricolori pasta 500 g, Unit Price: 1,35 €, Comparison Price: 2,70 €/kg
Product: Barilla Farfalle durumvehnästä valmistettu pasta 500g, Unit Price: 1,85 €, Comparison Price: 3,70 €/kg
Product: Barilla Penne Rigate durumvehnästä valmistettu pasta 500g, Unit Price: 1,85 €, Comparison Price: 3,70 €/kg
Product: Barilla Gnocchi durumvehnästä valmistettu pasta 500g, Unit Price: 1,85 €, Comparison Price: 3,70 €/kg
Product: Rummo Gluteeniton fusilli pasta no 48 400g, Unit Price: 3,09 €, Comparison Price: 7,73 €/kg
Product: Coop Penne Rigate täysjyväpasta 500 g, Unit Price: 1,59 €, Comparison Price: 3,18 €/kg
Product: Barilla Piccolini Mini Penne Rigate durumvehnästä valmistettu pasta 500g, Unit Price: 1,85 €, Comparison Price: 3,70 €/kg
Product: Rummo Gluteeniton penne rigate pasta no 66 400g, Unit Price: 3,09 €, Comparison Price: 7,73 €/kg
Product: Rummo Farfalle pasta 500g, Unit Price: 2,55 €, Comparison Price: 5,10 €/kg
Product: Bonduelle maissi säilyke 300g/285g, Unit Price: 1,23 €, Comparison Price: 4,32 €/kg
Product: Sini yleispuhdistusaine starttipakkaus, Unit Price: 4,89 €, Comparison Price: 
Product: FB Striker v23, size 5, Unit Price: 24,95 €, Comparison Price: 
Product: Agromonte 330ml kirsikkatomaattikastike, Unit Price: 2,85 €, Comparison Price: 8,64 €/kg
Product: Bonduelle Kikherneitä höyrytetty&rapea 310g/265g, Unit Price: 1,95 €, Comparison Price: 7,36 €/kg
Product: Calvo tonnikala vedessä 3x80/56g, Unit Price: 3,79 €, Comparison Price: 22,56 €/kg
Product: Grite talouspaperi Orchidea Gold 4rll, Unit Price: 2,99 €, Comparison Price: 0,75 €/kpl
Product: Coop talouspaperi Dry & Strong 8 rl, Unit Price: 3,95 €, Comparison Price: 0,49 €/kpl
Product: Zefal EZ Big Shot pumppu, Unit Price: 16,95 €, Comparison Price: 
Product: Kotimaista Lähdevesi 0,5l, Unit Price: 0,49 €, Comparison Price: 0,58 €/l
Product: Kotimaista Lähdevesi 1,5l, Unit Price: 1,35 €, Comparison Price: 0,63 €/l
Product: Kotimaista 5,15l lähdevesi, Unit Price: 1,57 €, Comparison Price: 0,31 €/l
Product: Kotimaista 6x0,5l lähdevesi, Unit Price: 2,90 €, Comparison Price: 0,57 €/l
Product: Kotimaista Lähdevesi sporttikorkilla 0,5l, Unit Price: 0,95 €, Comparison Price: 1,50 €/l
Product: Kotimaista 10l lähdevesi, Unit Price: 3,05 €, Comparison Price: 0,31 €/l
Product: 6 x Kotimaista Lähdevesi 1,5l, Unit Price: 6,75 €, Comparison Price: 0,48 €/l
Product: Kotimaista Hiilihapollinen lähdevesi 0,5l, Unit Price: 0,79 €, Comparison Price: 1,18 €/l
Product: Kotimaista Hiilihapollinen lähdevesi 1,5l, Unit Price: 1,35 €, Comparison Price: 0,63 €/l
Product: Kotimaista 6x0,5l hiilihapotettu lähdevesi, Unit Price: 3,69 €, Comparison Price: 0,83 €/l
Product: 6 x Kotimaista Hiilihapollinen lähdevesi 1,5l, Unit Price: 6,69 €, Comparison Price: 0,48 €/l
Product: 5x Mama Katkaravunmakuinen nuudeli creamy tom yum 90g, Unit Price: 3,89 €, Comparison Price: 8,64 €/kg
Product: Rainbow 120g valutettua tonnikalaa MSC, Unit Price: 1,75 €, Comparison Price: 14,58 €/kg
Product: Garnier Fructis Strength & Shine hoitoaine normaaleille hiuksille 200ml, Unit Price: 2,89 €, Comparison Price: 14,45 €/l
Product: Schwarzkopf Gliss Total Repair hoitosuihke 200ml, Unit Price: 2,99 €, Comparison Price: 14,95 €/l
Product: Mutti Polpa hieno tomaattimurska 2x210g, Unit Price: 1,39 €, Comparison Price: 3,31 €/kg
Product: Taffel Raffel sipsi 235g, Unit Price: 2,59 €, Comparison Price: 11,02 €/kg
Product: Taffel Hearts maissisipsi 235g, Unit Price: 3,09 €, Comparison Price: 13,15 €/kg
Product: Taffel Hot Rod sipsi 235g, Unit Price: 3,09 €, Comparison Price: 13,15 €/kg
Product: Taffel Hearts maissisipsi 60g, Unit Price: 1,19 €, Comparison Price: 19,83 €/kg
Product: Estrella Linssisipsi Ranch 110g, Unit Price: 2,69 €, Comparison Price: 24,45 €/kg
Product: Estrella Linssisipsi Kermaviili & Sipuli 110g, Unit Price: 2,69 €, Comparison Price: 24,45 €/kg
Product: Laatupaakarin Gluteeniton Luomu Maissinaksuja 90g, Unit Price: 2,25 €, Comparison Price: 25,00 €/kg
Product: Oikia Oatis Merisuola kauranaksu 150g, Unit Price: 1,99 €, Comparison Price: 13,27 €/kg
Product: Taffel Hot Rod sipsi 115g, Unit Price: 1,89 €, Comparison Price: 16,43 €/kg
Product: Taffel Krunts American sourcream maustettu maissisipsi 200g, Unit Price: 3,09 €, Comparison Price: 15,45 €/kg
Product: Taffel Snack Fries bbq maustettu sipsi 235g, Unit Price: 3,09 €, Comparison Price: 13,15 €/kg
Product: Santa Maria 100G Sea Salt & Butter Potato Pops sipsi, Unit Price: 2,15 €, Comparison Price: 21,50 €/kg
Product: Santa Maria 100G Supreme Cheese Potato Pops sipsi, Unit Price: 2,15 €, Comparison Price: 21,50 €/kg
Product: Weekend Snacks Perunasnacks Sour Cream & Onion 180g, Unit Price: 2,89 €, Comparison Price: 16,06 €/kg
Product: Santa Maria 100G Sour Cream & Onion Lentil Pops linssisipsi, Unit Price: 2,15 €, Comparison Price: 21,50 €/kg
Product: Santa Maria 100G Sweet Chili Potato Pops sipsi, Unit Price: 2,15 €, Comparison Price: 21,50 €/kg
Product: Santa Maria 100G Jalapeño Cheese Potato Pops sipsi, Unit Price: 2,15 €, Comparison Price: 21,50 €/kg
Product: Weekend Snacks Weekend Mix Maustettu snacks-sekoitus 180g, Unit Price: 2,89 €, Comparison Price: 16,06 €/kg
Product: Coop Cheese Wheels juustonmakuiset perunasnacksit 200 g, Unit Price: 1,89 €, Comparison Price: 9,45 €/kg
Product: Estrella Super Snack Mix Suolattu Perunasnaksi 175g, Unit Price: 2,99 €, Comparison Price: 17,09 €/kg
Product: Weekend Snacks 3in1 Hummus-Linssi-Quinoa-sipsisekoitus, Juusto Jalapeño, 90g, Unit Price: 2,49 €, Comparison Price: 27,67 €/kg
Product: Klorin Original valkaisu- ja desinfiointiaine 1500ml, Unit Price: 3,69 €, Comparison Price: 2,46 €/l
Product: URTEKRAM luomu Punainen linssi 400g, Unit Price: 2,39 €, Comparison Price: 5,98 €/kg
Product: Wilson tennismaila ultra power XL 112, Unit Price: 54,95 €, Comparison Price: 
Product: Laitilan Naku Apple Sour 4,5% 0,33L hard seltzer, Unit Price: 2,59 €, Comparison Price: 7,39 €/l
Product: Karl Fazer valkosuklaalevy 131 g, Unit Price: 2,69 €, Comparison Price: 20,53 €/kg
Product: Huhtamaki kartonkinen grillirasia 10x950ml, Unit Price: 3,15 €, Comparison Price: 0,32 €/kpl
Product: Mutti Polpa valkosipuli hieno tomaattimurska 400g, Unit Price: 1,49 €, Comparison Price: 3,72 €/kg
Product: Havu Mäntysuopaliuos 1L yleispuhdistusaine, Unit Price: 2,95 €, Comparison Price: 2,95 €/l
Product: WILSON GRIPPI REPLACEMENT VALKOINEN, Unit Price: 10,95 €, Comparison Price: 
Product: Klorin Power Mousse puhdistus- ja desinfiointi sprayvaahto 500 ml, Unit Price: 3,15 €, Comparison Price: 6,30 €/l
Product: Rainbow 185g/100g tonnikalaa tomaattikastikkeessa, Unit Price: 1,79 €, Comparison Price: 9,68 €/kg
Product: Head Tour Pro -tennismaila, Unit Price: 49,95 €, Comparison Price: 
Product: Rainbow 150/105g keltaevätonnikalaa vedessä, Unit Price: 1,99 €, Comparison Price: 18,95 €/kg
Product: Xtra tortilla chips maissilastut juusto 450 g, Unit Price: 2,79 €, Comparison Price: 6,20 €/kg
Product: Coop jalapenoviipaleet suolaliemessä hot 225 g, Unit Price: 1,29 €, Comparison Price: 10,32 €/kg
Product: Xtra jalapenoviipaleet 295/160 g, Unit Price: 0,83 €, Comparison Price: 5,19 €/kg
Product: La Costeña 199g Jalapenoviipale, Unit Price: 1,55 €, Comparison Price: 11,92 €/kg
Product: Santa Maria Green Jalapeño 215 g, Unit Price: 2,45 €, Comparison Price: 22,27 €/kg
Product: Santa Maria Refried Beans, keitettyjä pinto-papuja 215g, Unit Price: 2,25 €, Comparison Price: 10,47 €/kg
Product: La Costeña 220g Chipotle chilipippuri, Unit Price: 2,39 €, Comparison Price: 10,86 €/kg
Product: Serla talouspaperi 16rl valkoinen, Unit Price: 10,79 €, Comparison Price: 0,67 €/kpl
Product: Jupiter valosetti 25 lm + 4 lm paristoilla, Unit Price: 4,99 €, Comparison Price: 
Product: Jupiter etuhuomiovalo silikoni, erilaisia, Unit Price: 2,99 €, Comparison Price: 
Product: Jupiter takavalo 4,5 lm paristoilla, Unit Price: 0,99 €, Comparison Price: 
Product: Jupiter takavalo 7 lm ladattava 150 mAh, Unit Price: 9,99 €, Comparison Price: 
Product: Jupiter takahuomiovalo 3 lm paristoilla, Unit Price: 4,99 €, Comparison Price: 
Product: Jupiter etuvalo 180 lm ladattava 800 mAh, Unit Price: 12,95 €, Comparison Price: 
Product: Herrmans takavalo patterilla, Unit Price: 4,99 €, Comparison Price: 
Product: Jupiter takahuomiovalo silikoni, erilaisia, Unit Price: 2,99 €, Comparison Price: 
Product: Jupiter pyörän etuvalo 500 lm ja takavalo 30 lm, Unit Price: 29,95 €, Comparison Price: 
Product: Jupiter etuhuomiovalo 10 lm paristoilla, Unit Price: 4,99 €, Comparison Price: 
Product: Jupiter etuvalo 360 lm ladattava 2000 mAh, Unit Price: 19,95 €, Comparison Price: 
Product: Jupiter leveä etuvalo 180 lm 700 mAh akku, Unit Price: 17,95 €, Comparison Price: 
Product: Jupiter pyörän etuvalo ladattava 1600 lm, Unit Price: 49,95 €, Comparison Price: 
Product: Jupiter etuvalo 500 lm ladattava 2400 mAh, Unit Price: 24,95 €, Comparison Price: 
Product: Jupiter kypärävalo 100 lm ladattava 700 mAh, Unit Price: 14,95 €, Comparison Price: 
Product: Mama Kananmakuinen nuudeli 55g, Unit Price: 0,69 €, Comparison Price: 12,55 €/kg
Product: Lambi Home Towel talouspaperiarkki 120kpl, Unit Price: 2,85 €, Comparison Price: 0,02 €/kpl
Product: Bonduelle Maissi 2x75/70g, Unit Price: 1,85 €, Comparison Price: 13,21 €/kg
Product: Rainbow vihreä tee 40g/20ps, Unit Price: 0,68 €, Comparison Price: 17,00 €/kg
Product: XZ 200ml Aito hoitoaine normaaleille hiuksille, Unit Price: 2,89 €, Comparison Price: 14,45 €/l
Product: 260g Hungry Chef Pizzakastike kirsikkatomaateista, Unit Price: 3,05 €, Comparison Price: 11,73 €/kg
Product: PikPak kiertotalous roskapussi 40L, Unit Price: 2,49 €, Comparison Price: 0,15 €/kpl
Product: Tuoksukynttilä kannella, paloaika 30 h, Unit Price: 3,99 €, Comparison Price: 
Product: Tuoksukynttilä Freedom Breath, paloaika 30 h, Unit Price: 3,35 €, Comparison Price: 
Product: Scented candle Cedre du Liban w/lid, Unit Price: 0,99 €, Comparison Price: 
Product: Rainbow kapris 57/35g, Unit Price: 0,89 €, Comparison Price: 25,43 €/kg
Product: essence GROW LIKE A BOSS LASH & BROW GROWTH SERUM ripsi- & kulmaseerumi 6 ml, Unit Price: 6,25 €, Comparison Price: 
Product: URODA Extra Long Lashes Eyelash Enhancing Serum 4ml, Unit Price: 19,95 €, Comparison Price: 
Product: MUA Make Up Academy Professional Eye Primer 7 ml luomivärin pohjustusaine, Unit Price: 3,15 €, Comparison Price: 
Product: Rimmel Wonder'Serum Lash Teatment 11 ml ripsiseerumi, Unit Price: 11,95 €, Comparison Price: 1086,36 €/l
Product: lavera Trend Sensitiv Lash Care Serum 9ml, Unit Price: 11,90 €, Comparison Price: 
Product: Max Factor False Lash Effect Lash Serum 13,1 ml ripsiseerumi, Unit Price: 13,90 €, Comparison Price: 1069,23 €/l
Product: IsaDora Pencil Sharpener Slim, Unit Price: 6,90 €, Comparison Price: 
Product: L'Oréal Paris Clinically Proven Lash Serum -ripsiseerumi 1,9ml, Unit Price: 18,90 €, Comparison Price: 
Product: KakkoBrows Cosmetics Over Night Brow Oil 7ml, Unit Price: 17,90 €, Comparison Price: 
Product: Santa Maria 230G Chunky Salsa Hot, Unit Price: 1,49 €, Comparison Price: 6,48 €/kg
Product: Kotimaista kevyesti hiilihapotettu kivennäisvesi 1,5 l kmp, Unit Price: 1,35 €, Comparison Price: 0,63 €/l
Product: Kotimaista Kivennäisvesi vadelma kevyesti hiilihapotettu 1,5l, Unit Price: 1,35 €, Comparison Price: 0,63 €/l
Product: Xtra hiilihapotettu kivennäisvesi 1,5l, Unit Price: 0,85 €, Comparison Price: 0,30 €/l
Product: Kotimaista Kivennäisvesi sitruuna kevyesti hiilihapotettu 1,5l, Unit Price: 1,35 €, Comparison Price: 0,63 €/l
Product: 24 x Hartwall Novelle Citronelle kivennäisvesi 0,33 l, Unit Price: 9,29 €, Comparison Price: 0,87 €/l
Product: 24 x Hartwall Novelle kivennäisvesi 0,33 l, Unit Price: 9,29 €, Comparison Price: 0,87 €/l
Product: 6xKotimaista kevyesti hiilihapotettu kivennäisvesi 1,5 l kmp, Unit Price: 6,29 €, Comparison Price: 0,43 €/l
Product: Kotimaista kevyesti hiilihapotettu kivennäisvesi 0,5 l kmp, Unit Price: 0,69 €, Comparison Price: 0,98 €/l
Product: Värska Originaal luonnon mineraalivesi , hiilihapollinen 1,5L PET, Unit Price: 1,79 €, Comparison Price: 0,93 €/l
Product: 24 x Hartwall Novelle Vadelma-veriappelsiini kivennäisvesi 0,33 l, Unit Price: 9,29 €, Comparison Price: 0,87 €/l
Product: Kotimaista Kivennäisvesi karpalo 1,5l, Unit Price: 1,35 €, Comparison Price: 0,63 €/l
Product: Hartwall Novelle kivennäisvesi 0,5 l, Unit Price: 1,99 €, Comparison Price: 3,58 €/l
Product: Kotimaista Kivennäisvesi vadelma kevyesti hiilihapotettu 0,5l, Unit Price: 0,89 €, Comparison Price: 1,38 €/l
Product: 24-pack Bonaqua Villivadelma 0,33 l muovipullo kivennäisvesi, Unit Price: 10,99 €, Comparison Price: 1,08 €/l
Product: Kotimaista Kivennäisvesi sitruuna kevyesti hiilihapotettu 0,5l, Unit Price: 0,89 €, Comparison Price: 1,38 €/l
Product: 12 x Kotimaista Hiilihapotettu kivennäisvesi 0,33l, Unit Price: 6,69 €, Comparison Price: 1,23 €/l
Product: S. Pellegrino 1 L PET, Unit Price: 2,99 €, Comparison Price: 2,59 €/l
Product: Värska Originaal luonnon mineraalivesi,  hiilihapollinen 0,5L PET, Unit Price: 0,95 €, Comparison Price: 1,50 €/l
Product: KevytOlo Raikas kivennäisvesi 0,95 l kmp, Unit Price: 1,79 €, Comparison Price: 1,67 €/l
Product: 6 x Kotimaista Kivennäisvesi sitruuna kevyesti hiilihapotettu 1,5l, Unit Price: 7,39 €, Comparison Price: 0,55 €/l
Product: 24 x Kotimaista Kivennäisvesi 0,33l, Unit Price: 8,59 €, Comparison Price: 0,78 €/l
Product: Hartwall Novelle kivennäisvesi 1,5 l, Unit Price: 2,25 €, Comparison Price: 1,23 €/l
Product: Bonaqua Villivadelma kivennäisvesi muovipullo 1,5 L, Unit Price: 2,45 €, Comparison Price: 1,37 €/l
Product: Hartwall Novelle Citronelle kivennäisvesi 1,5 l, Unit Price: 2,25 €, Comparison Price: 1,23 €/l
Product: Absolut Drinks Raspberry Lemonade 4 % 27,5 cl, Unit Price: 2,99 €, Comparison Price: 10,51 €/l
Product: Coop basilikanmakuinen oliiviöljy 250 ml, Unit Price: 3,99 €, Comparison Price: 15,96 €/l
Product: Dronningholm Mansikkahillo 440g, Unit Price: 3,39 €, Comparison Price: 7,70 €/kg
Product: Saarioinen Mansikkahillo 800g, Unit Price: 5,55 €, Comparison Price: 6,94 €/kg
Product: Santa Maria 250G Dip Tex Mex Style, Unit Price: 3,19 €, Comparison Price: 12,76 €/kg
Product: Terra Delyssa Ekstra-neitsytoliiviöljy 500ml, Unit Price: 7,75 €, Comparison Price: 15,50 €/l
Product: Ekströms Vanhan ajan mansikkahillo 410g, Unit Price: 3,89 €, Comparison Price: 9,49 €/kg
Product: Saarioinen Puolukkahillo 800g, Unit Price: 5,89 €, Comparison Price: 7,36 €/kg
Product: Gavottes Crêpe Dentelle maitosuklaakeksi 90g, Unit Price: 2,75 €, Comparison Price: 30,56 €/kg
Product: Tuoksukynttilä Lavender Breeze, paloaika 30 h, Unit Price: 3,99 €, Comparison Price: 
Product: Wilson tennismaila Pro Staff RXT 105, Unit Price: 89,95 €, Comparison Price: 
Product: Rainbow vohvelit 6 kpl 250 g, Unit Price: 1,15 €, Comparison Price: 4,60 €/kg
Product: Viipurinrinkeli, Unit Price: 6,29 €, Comparison Price: 20,97 €/kg
Product: Mr. Brownie Chocolate Brownies 200g, Unit Price: 2,99 €, Comparison Price: 14,95 €/kg
Product: Satumaista Bostonkakku 350g, Unit Price: 4,95 €, Comparison Price: 14,14 €/kg
Product: Fazer Ihana hetki passion-juustokakkurulla 485g, Unit Price: 12,55 €, Comparison Price: 25,88 €/kg
Product: Asmara Herkkushop - Baklava-rasia - 4x55g, Unit Price: 5,95 €, Comparison Price: 49,58 €/kg
Product: Fazer Omar -kakkunen 2kpl 150g, Unit Price: 4,09 €, Comparison Price: 27,27 €/kg
Product: Mr. Brownie Lemon Cakes 200g, Unit Price: 2,99 €, Comparison Price: 14,95 €/kg
Product: Fazer Marianne -kakkunen 2kpl 160g, Unit Price: 4,09 €, Comparison Price: 25,56 €/kg
Product: Pekan Parhaat unelmatorttu annospala gluteeniton 75g, Unit Price: 3,15 €, Comparison Price: 42,00 €/kg
Product: Mr. Brownie White Chocolate Brownies 200g, Unit Price: 2,99 €, Comparison Price: 14,95 €/kg
Product: Kukka Baklava, Unit Price: 6,79 €, Comparison Price: 29,52 €/kg
Product: RULLA BAKLAVA, Unit Price: 6,79 €, Comparison Price: 29,52 €/kg
Product: Rainbow 300g vadelmamarmeladi paistonkestävä, Unit Price: 2,39 €, Comparison Price: 7,97 €/kg
Product: Saarioinen Vadelmamarmeladi 230g, Unit Price: 2,59 €, Comparison Price: 11,26 €/kg
Product: Mocktail Italian Spritz 0,0% 0,33l, Unit Price: 1,49 €, Comparison Price: 4,06 €/l
Product: Garage Vodka Lemonade 4,1% 0,5 L tlk, Unit Price: 3,49 €, Comparison Price: 6,68 €/l
Product: Selvin Päin & Kåska Violet Spritz 0,0%, 0,33l, Unit Price: 2,39 €, Comparison Price: 6,79 €/l
Product: Mocktail Strawberry Margarita 0,0% 0,33l, Unit Price: 1,49 €, Comparison Price: 4,06 €/l
Product: Mocktail Piña Colada 0,0% 0,33l, Unit Price: 1,49 €, Comparison Price: 4,06 €/l
Product: Mocktail Cosmopolitan 0,0% 0,33l, Unit Price: 1,49 €, Comparison Price: 4,06 €/l
Product: Mocktail Mojito 0,0% 0,33l, Unit Price: 1,49 €, Comparison Price: 4,06 €/l
Product: Koskenkorva PURE Peach-Raspberry 5,5% 33cl, Unit Price: 2,95 €, Comparison Price: 8,48 €/l
Product: Bacardi Breezer Lime 27,5 cl lasiplo 4 %  FAB, Unit Price: 3,10 €, Comparison Price: 10,91 €/l
Product: Smirnoff Ice Original juomasekoitus 0,275 L, Unit Price: 3,06 €, Comparison Price: 10,76 €/l
Product: Garage Vodka Lemonade Peach maustettu alkoholijuoma 4,1 % tölkki 0,5 L, Unit Price: 3,49 €, Comparison Price: 6,68 €/l
Product: Garage Vodka Lemonade Passionfruit maustettu alkoholijuoma 4,1 % tölkki 0,5 L, Unit Price: 3,49 €, Comparison Price: 6,68 €/l
Product: Koskenkorva PURE Raspberry Lemon 5,5% 33cl can, Unit Price: 2,95 €, Comparison Price: 8,48 €/l
Product: Saimaa Hard Iced Tea Peach 4,0% 0,33l tölkki, Unit Price: 2,59 €, Comparison Price: 7,39 €/l
Product: Breezer Vadelma&Yuzu alkoholijuomasekoitus 4 % lasipullo 0,275 L, Unit Price: 3,10 €, Comparison Price: 10,91 €/l
Product: Koskenkorva PURE Strawberry Lime 5,5% 33cl can, Unit Price: 2,95 €, Comparison Price: 8,48 €/l
Product: Le Coq Cocktail Margarita 4,7 % 0,33 l klp, Unit Price: 2,60 €, Comparison Price: 7,58 €/l
Product: Le Coq Cocktail Blue Lagoon 4,7% 0,33 l klp, Unit Price: 2,60 €, Comparison Price: 7,58 €/l
Product: Koskenkorva PURE Passion Strawberry 5,5% 33cl, Unit Price: 2,95 €, Comparison Price: 8,48 €/l
Product: Garage Vodka Lemonade Raspberry maustettu alkoholijuoma 4,1 % tölkki 0,5 L, Unit Price: 3,49 €, Comparison Price: 6,68 €/l
Product: Selvin Päin & Kåska Ginger Spritz 0,0%, 0,33l, Unit Price: 2,39 €, Comparison Price: 6,79 €/l
Product: Breezer  White Tea & Raspberry juomasekoitus 4 % lasipullo 0,275 L, Unit Price: 3,10 €, Comparison Price: 10,91 €/l
Product: NP Cocktail Italian Spritz  4,0% 0,33l, Unit Price: 2,45 €, Comparison Price: 6,97 €/l
Product: Absolut Drinks Raspberry Lemonade 4 % 27,5 cl, Unit Price: 2,99 €, Comparison Price: 10,51 €/l
Product: Kleenex Ultra Soft taskunenäliina 10x7 kpl, Unit Price: 2,59 €, Comparison Price: 0,04 €/kpl
Product: 500ml Borges Classic oliiviöljy, Unit Price: 9,99 €, Comparison Price: 19,98 €/l
Product: L'Oréal Paris Elvital Anti-Breakage hoitoaine kuiville ja katkeileville hiuksille 200ml, Unit Price: 3,15 €, Comparison Price: 15,75 €/l
Product: Piltti Luomu 190g Couscous-kanapata lastenateria 1-3v, Unit Price: 1,55 €, Comparison Price: 8,16 €/kg
Product: LOTUS Nessu Nenäliina 100 kpl, Unit Price: 2,25 €, Comparison Price: 0,02 €/kpl
Product: Jalostaja Broileria öljyssä 200g, Unit Price: 3,65 €, Comparison Price: 18,25 €/kg
Product: 500ml Borges Ekstra-neitsytoliiviöljy, Unit Price: 9,89 €, Comparison Price: 19,78 €/l
Product: Lumene Luminous Moisture Huulipuna 13 Korallituuli 4,7 g, Unit Price: 13,50 €, Comparison Price: 2700,00 €/kg
Product: essence THE slim STICK huulipunapuikko 104, Unit Price: 3,69 €, Comparison Price: 1845,00 €/kg
Product: Lumene Luminous Moisture Huulipuna 04 Villikanerva 4,7 g, Unit Price: 13,50 €, Comparison Price: 
Product: Lumene Luminous Moisture Huulipuna 15 Pohjoinen kukinta 4,7 g, Unit Price: 13,50 €, Comparison Price: 2700,00 €/kg
Product: Lumene Luminous Moisture Huulipuna 06 Talviruusu 4,7 g, Unit Price: 13,50 €, Comparison Price: 
Product: Maybelline New York Color Sensation Huulipuna 148 Summer Pink 4,4g, Unit Price: 9,90 €, Comparison Price: 
Product: MUA Make Up Academy Satin Sheen Lip Stylo  2,4 g Romance huulipuna, Unit Price: 3,95 €, Comparison Price: 1975,00 €/kg
Product: essence 8h matta nestemäinen huulipuna 2,5 ml, Unit Price: 3,69 €, Comparison Price: 1230,00 €/l
Product: MUA Make Up Academy Creamy Matte Lipstick 3,5 g Mystic huulipuna, Unit Price: 3,95 €, Comparison Price: 987,50 €/kg
Product: Maybelline New York Super Stay Matte Ink 118 Dancer -huulipuna 5ml, Unit Price: 11,95 €, Comparison Price: 
Product: Rimmel 4g Lasting Finish Lipstick 206 Nude Pink huulipuna, Unit Price: 8,50 €, Comparison Price: 
Product: Paese Argan huulipuna 4,3g, Unit Price: 14,95 €, Comparison Price: 3737,50 €/kg
Product: MUA Make Up Academy Creamy Matte Lipstick 3,5 g Love Letter huulipuna, Unit Price: 3,95 €, Comparison Price: 987,50 €/kg
Product: Lumene Luminous Moisture Huulipuna 05 Kanervasydän 4,7 g, Unit Price: 13,50 €, Comparison Price: 
Product: Lumene Luminous Moisture Huulipuna 08 Villiruusu 4,7 g, Unit Price: 13,50 €, Comparison Price: 2700,00 €/kg
Product: essence hydrating nude huulipuna 3,5g, Unit Price: 3,09 €, Comparison Price: 772,50 €/kg
Product: essence hydrating nude huulipuna 3,5g, Unit Price: 3,09 €, Comparison Price: 772,50 €/kg
Product: essence 8h matta nestemäinen huulipuna 2,5 ml, Unit Price: 3,69 €, Comparison Price: 1230,00 €/l
Product: Rimmel 4g Lasting Finish Lipstick 002 Candy huulipuna, Unit Price: 8,50 €, Comparison Price: 
Product: Maybelline New York Super Stay Matte Ink 10 Dreamer -huulipuna 5ml, Unit Price: 10,95 €, Comparison Price: 
Product: L'Oréal Paris Color Riche Satin 303 Rose Tendre huulipuna 4,8 g, Unit Price: 10,95 €, Comparison Price: 
Product: Rimmel 4g Lasting Finish Lipstick 086 Sugar Plum huulipuna, Unit Price: 8,50 €, Comparison Price: 
Product: L'Oréal Paris Color Riche Intense Volume Matte 346 Le Rouge Determination huulipuna 1,8g, Unit Price: 12,50 €, Comparison Price: 6250,00 €/kg
Product: MUA Make Up Academy Creamy Matte Lipstick 3,5 g Heartfelt huulipuna, Unit Price: 3,95 €, Comparison Price: 987,50 €/kg
Product: Gelia jatkojohto 3-os maadoitettu 3m 3g1.5 valkoinen, Unit Price: 6,95 €, Comparison Price: 
Product: SINI käsitiski starttipakkaus, Unit Price: 4,89 €, Comparison Price: 
Product: Sini lattiakaivoharja, Unit Price: 7,79 €, Comparison Price: 
Product: Innocent Super smoothie 300 ml Energise, Unit Price: 2,75 €, Comparison Price: 8,83 €/l
Product: Pekan Leipä Halkomunkki 2kpl 200g, Unit Price: 4,39 €, Comparison Price: 21,95 €/kg
Product: OLVI Hard Seltzer Strawberry & Rhubarb 4,5% 0,33 l tlk, Unit Price: 2,39 €, Comparison Price: 6,79 €/l
Product: OLVI Hard Seltzer Lemon & Lime 4,5% 0,33 l tlk, Unit Price: 2,39 €, Comparison Price: 6,79 €/l
Product: OLVI Hard Seltzer Juiced Pear 4,5 % 0,33 l tlk, Unit Price: 2,39 €, Comparison Price: 6,79 €/l
Product: OLVI Hard Seltzer Juiced Raspberry 4,5 % 0,33 l tlk, Unit Price: 2,39 €, Comparison Price: 6,79 €/l
Product: OLVI Hard Seltzer Lime-Blueberry 4,5 % 0,33 l tlk, Unit Price: 2,39 €, Comparison Price: 6,79 €/l
Product: OLVI Hard Seltzer Mango & Pineapple 4,5 % 0,33 l tlk, Unit Price: 2,39 €, Comparison Price: 6,79 €/l
Product: Rainbow Passion fruit-Mango 4,5% 330ml hard seltzer, Unit Price: 2,15 €, Comparison Price: 6,06 €/l
Product: Hartwall Hard Seltzer Vadelma 4,5% 0,33 l, Unit Price: 2,19 €, Comparison Price: 6,18 €/l
Product: Rainbow Lemon-Lime 4,5% 330ml hard seltzer, Unit Price: 2,15 €, Comparison Price: 6,06 €/l
Product: Rainbow Strawberry-Lime 4,5% 330ml hard seltzer, Unit Price: 2,15 €, Comparison Price: 6,06 €/l
Product: Hartwall Hard Seltzer Persikka 4,5% 0,33 l, Unit Price: 2,19 €, Comparison Price: 6,18 €/l
Product: OLVI Hard Seltzer Watermelon & Mint 0,33 l tlk, Unit Price: 2,39 €, Comparison Price: 6,79 €/l
Product: SAY Alcohol Free Seltzer Lime Mint 0% 33cl, Unit Price: 1,49 €, Comparison Price: 4,06 €/l
Product: Hartwall Hard Seltzer Lime 4,5% 0,33 l, Unit Price: 2,19 €, Comparison Price: 6,18 €/l
Product: Laitilan Naku Juicy Raspberry 4,5% 0,33L hard seltzer, Unit Price: 2,59 €, Comparison Price: 7,39 €/l
Product: Garage Hard Seltzer Pink Lemonade maustettu alkoholijuoma 4,5 % tölkki 0,33 L, Unit Price: 2,49 €, Comparison Price: 7,09 €/l
Product: Xtra tomaattimurska oregano ja basilika 400 g, Unit Price: 0,34 €, Comparison Price: 0,85 €/kg
Product: Saimaa Hard Seltzer Lingonberry Juniper 4,5% 0,33l tlk, Unit Price: 2,59 €, Comparison Price: 7,39 €/l
Product: Koskenkorva Vichy Mansikka-Kiivi 4,5% 33cl, Unit Price: 2,59 €, Comparison Price: 7,39 €/l
Product: Garage Hard Seltzer Tropical Lemonade maustettu alkoholijuoma 4,5 % tölkki 0,33 L, Unit Price: 2,49 €, Comparison Price: 7,09 €/l
Product: Laitilan Naku Apple Sour 4,5% 0,33L hard seltzer, Unit Price: 2,59 €, Comparison Price: 7,39 €/l
Product: Tasangon sitruunapikkuleipä 300g, Unit Price: 2,99 €, Comparison Price: 9,97 €/kg
Product: Koskenkorva Vichy vadelma-granaattiomena 4,5% 33cl, Unit Price: 2,59 €, Comparison Price: 7,39 €/l
Product: Saimaa Hard Seltzer Piña Colada 4,5% 0,33l tlk, Unit Price: 2,59 €, Comparison Price: 7,39 €/l
Product: Crowmoor Vodka Spritz Positively Pineapple maustettu alkoholijuoma 4,1 % tölkki 0,33 L, Unit Price: 2,19 €, Comparison Price: 6,18 €/l
Product: Laitilan Naku Lemon Sour 4,5% 0,33L hard seltzer, Unit Price: 2,59 €, Comparison Price: 7,39 €/l
Product: Leivon Kaneliässä-pikkuleipä 500 g, Unit Price: 2,99 €, Comparison Price: 5,98 €/kg
Product: Rainbow keraamisen lieden puhdistaja 300ml, Unit Price: 2,49 €, Comparison Price: 8,30 €/l
Product: Havi tuikku lämpökynttilä valkoinen 100kpl 4 h, Unit Price: 9,95 €, Comparison Price: 0,10 €/kpl
Product: Tuoksulasikynttilä, paloaika 28 h, Unit Price: 3,99 €, Comparison Price: 
Product: Makeup Revolution Mega Bronzer 01 - Cool aurinkopuuteri viileä sävy, Unit Price: 6,95 €, Comparison Price: 86,88 €/kg
Product: essence BLUSH crush! poskipuna 20, Unit Price: 3,09 €, Comparison Price: 618,00 €/kg
Product: Makeup Revolution Fast Base Stick poskipunapuikko Peach 14g, Unit Price: 8,95 €, Comparison Price: 639,29 €/kg
Product: essence BABY GOT BLUSH nestemäinen poskipuna 10, Unit Price: 4,09 €, Comparison Price: 409,00 €/l
Product: essence baby got blush poskipuna 5,5 g, Unit Price: 3,69 €, Comparison Price: 615,00 €/kg
Product: Makeup Revolution Fast Base Stick poskipunapuikko Blush 14g, Unit Price: 8,95 €, Comparison Price: 639,29 €/kg
Product: MUA Make Up Academy Blushed Powder Blush Duo 8 g Ginger poskipuna, Unit Price: 6,25 €, Comparison Price: 781,25 €/kg
Product: Makeup Revolution Fast Base Stick poskipunapuikko Rose 14g, Unit Price: 8,95 €, Comparison Price: 639,29 €/kg
Product: Lumene Natural Glow Poskipuna 2 Berry Glow 4 g, Unit Price: 14,50 €, Comparison Price: 362,50 €/kg
Product: essence BABY GOT BLUSH nestemäinen poskipuna 30, Unit Price: 4,09 €, Comparison Price: 409,00 €/l
Product: MUA Make Up Academy Creamy Blush 10 ml Razzleberry voidemainen poskipuna, Unit Price: 4,15 €, Comparison Price: 415,00 €/l
Product: Lumene Natural Glow Poskipuna 1 Coral Glow 4 g, Unit Price: 14,50 €, Comparison Price: 362,50 €/kg
Product: Makeup Revolution Fast Base Stick poskipunapuikko Bare 14g, Unit Price: 8,95 €, Comparison Price: 639,29 €/kg
Product: Makeup Revolution Balm Glow Peach Bliss monikäyttömeikkivoide 32g, Unit Price: 8,95 €, Comparison Price: 279,69 €/kg
Product: MUA Make Up Academy Creamy Blush 10 ml Misty Rose voidemainen poskipuna, Unit Price: 4,15 €, Comparison Price: 415,00 €/l
Product: MUA Make Up Academy Blushed Powder Blush Duo 8 g Clementine
 poskipuna, Unit Price: 6,25 €, Comparison Price: 781,25 €/kg
Product: Rimmel Maxi Blush Powder Blusher 003 Wild Card poskipuna 9g, Unit Price: 8,90 €, Comparison Price: 
Product: Maybelline New York Fit Me Blush 30 Rose -poskipuna 4,5g, Unit Price: 8,95 €, Comparison Price: 
Product: Gosh I'm Blushing 005 Shocking Pink poskipuna, Unit Price: 12,90 €, Comparison Price: 2150,00 €/kg
Product: Paese Argan poskipuna, Unit Price: 11,55 €, Comparison Price: 3850,00 €/kg
Product: Makeup Revolution Mega Bronzer 02 - Warm aurinkopuuteri lämmin sävy, Unit Price: 6,95 €, Comparison Price: 86,88 €/kg
Product: Rimmel Maxi Blush Powder Blusher 006 Exposed poskipuna 9g, Unit Price: 8,90 €, Comparison Price: 
Product: Makeup Revolution Balm Glow Rose Pink monikäyttömeikkivoide 32g, Unit Price: 8,95 €, Comparison Price: 279,69 €/kg
Product: Gosh Blush Up 001 Peach -voidemainenposkipuna 14ml, Unit Price: 18,90 €, Comparison Price: 1350,00 €/l
Product: Mars suklaapatukka 51g, Unit Price: 0,89 €, Comparison Price: 17,45 €/kg
Product: Dream tuoksukynttilä 224g.  Tuoksuna Iris & Orange Blossom. Tuoksukynttilässä käytetty sheavoita ja luonnollisia eteerisiä öljyjä., Unit Price: 7,65 €, Comparison Price: 34,15 €/kg
Product: Tuoksukynttilä Nude, paloaika 30 h, Unit Price: 3,35 €, Comparison Price: 
Product: Bonne  Mangosose 0,5L, Unit Price: 2,79 €, Comparison Price: 5,58 €/l
Product: Rainbow 500ml Vadelmainen omenasose, Unit Price: 2,19 €, Comparison Price: 4,38 €/l
Product: Bonne  Omenasose 0,5L, Unit Price: 2,79 €, Comparison Price: 5,58 €/l
Product: Xtra omenasose 720 g, Unit Price: 1,15 €, Comparison Price: 1,60 €/kg
Product: Bonne Päärynäsose 0,5L, Unit Price: 3,09 €, Comparison Price: 6,18 €/l
Product: Rainbow 500ml mangosose, Unit Price: 1,69 €, Comparison Price: 3,38 €/l
Product: Bonne Persikkasose 0,5L, Unit Price: 2,85 €, Comparison Price: 5,70 €/l
Product: Rainbow 500ml omenasose, Unit Price: 1,69 €, Comparison Price: 3,38 €/l
Product: Bonne Trooppinen sose 0,5L, Unit Price: 3,59 €, Comparison Price: 7,18 €/l
Product: Mackays Sitruunatahna 340g, Unit Price: 3,59 €, Comparison Price: 10,56 €/kg
Product: Bonne Mansikkasose 0,5L, Unit Price: 4,45 €, Comparison Price: 8,90 €/l
Product: URTEKRAM Luomu Makeuttamaton Omenasose  700g, Unit Price: 3,15 €, Comparison Price: 4,50 €/kg
Product: Robertson's 320g Lemon Curd sitruunatahna, Unit Price: 2,45 €, Comparison Price: 7,66 €/kg
Product: Bonne Omena-päärynä-vaniljasose 0,5L, Unit Price: 3,39 €, Comparison Price: 6,78 €/l
Product: Bonne Luumusose 0,5L, Unit Price: 4,09 €, Comparison Price: 8,18 €/l
Product: Bonne Aprikoosisose 0,5L, Unit Price: 3,09 €, Comparison Price: 6,18 €/l
Product: Bonne Luomu Omenasose 0,5L, Unit Price: 3,35 €, Comparison Price: 6,70 €/l
Product: Bonne Banaanisose 0,5L, Unit Price: 3,19 €, Comparison Price: 6,38 €/l
Product: Bonne Tyrni-omenasose 0,5L, Unit Price: 3,49 €, Comparison Price: 6,98 €/l
Product: Bonne Ananassose 0,5L, Unit Price: 3,25 €, Comparison Price: 6,50 €/l
Product: Bonne Mango-ananas-minttusose 0,5L, Unit Price: 4,95 €, Comparison Price: 9,90 €/l
Product: Dronningholm Mustaherukkahyytelö 330g, Unit Price: 3,59 €, Comparison Price: 10,88 €/kg
Product: Mrs Darlington`s Sitruunatahna 320g, Unit Price: 6,49 €, Comparison Price: 20,28 €/kg
Product: URTEKRAM Luomu Makeuttamaton Omena-mangosose 360g, Unit Price: 2,35 €, Comparison Price: 6,53 €/kg
Product: Marli Kesämarjat smoothie +D&C -vitamiinit ja proteiini 2,5 dl, Unit Price: 1,60 €, Comparison Price: 6,40 €/l
Product: Nordqvist Afrikka rooibos 20 x 1,75 g, Unit Price: 3,20 €, Comparison Price: 91,43 €/kg
Product: Garage Vodka Lemonade Peach maustettu alkoholijuoma 4,1 % tölkki 0,5 L, Unit Price: 2,70 €, Comparison Price: 5,10 €/l
Product: HETI 500ml keittiönpinnat bergamotti-minttu, Unit Price: 4,35 €, Comparison Price: 8,70 €/l
Product: Oddlygood® jääkahvi 1 l original UHT gluteeniton, Unit Price: 2,79 €, Comparison Price: 2,79 €/l
Product: Sini Kylppäri starttipakkaus, Unit Price: 4,89 €, Comparison Price: 
Product: Kleenex Everyday Nenäliina, Unit Price: 1,59 €, Comparison Price: 0,02 €/kpl
Product: Xtra 150/105g tonnikalaa hienonnettuna vedessä, Unit Price: 0,79 €, Comparison Price: 7,52 €/kg
Product: Kleenex 64 kpl Paperinenäliina Balsam, Unit Price: 2,39 €, Comparison Price: 0,04 €/kpl
Product: Lindt Excellence White Vanilla valkosuklaalevy 100g, Unit Price: 2,99 €, Comparison Price: 29,90 €/kg
Product: Organic Breton Country pâté 90g, Unit Price: 2,59 €, Comparison Price: 28,78 €/kg
Product: Fazer Jaffa Maitosuklaa Cola leivoskeksi 150 g, Unit Price: 2,59 €, Comparison Price: 17,27 €/kg
Product: Pallokuvio lasikynttilä 8,5x8,5x9,5 cm kirkas, tuoksu Vanilja, Unit Price: 5,65 €, Comparison Price: 
Product: Smile sokeriruoko lautaset 18cm, 10 kpl, Unit Price: 1,29 €, Comparison Price: 0,13 €/kpl
Product: Wilson Tennismaila Aggressor 112, Unit Price: 19,95 €, Comparison Price: 
Product: Kinder Cards Vohveli maitotäytteellä ja kaakaotäytteellä 2kpl x 5, Unit Price: 2,59 €, Comparison Price: 20,23 €/kg
Product: Vitakraft Kissan tunneli, Unit Price: 9,95 €, Comparison Price: 
Product: Valio Tuuti® 2 maitopohjainen vieroitusvalmistejauhe 800 g, Unit Price: 10,89 €, Comparison Price: 13,61 €/kg
Product: Nestlé Nan Pro 2 Maitopohjainen vieroitusvalmiste 800g, Unit Price: 14,20 €, Comparison Price: 17,75 €/kg
Product: Nestlé Nan 800g Pro 3 käyttövalmis pikkulasten maitojuoma 12kk, Unit Price: 12,95 €, Comparison Price: 16,19 €/kg
Product: Valio Tuuti® 1 maitopohjainen äidinmaidonkorvikejauhe 800 g, Unit Price: 10,89 €, Comparison Price: 13,61 €/kg
Product: Nestlé NAN Pro 1 äidinmaidonkorvike 800g, Unit Price: 14,20 €, Comparison Price: 17,75 €/kg
Product: Nutrilon Omneo 1 400g, kliininen ravintovalmistejauhe imeväisikäiselle, 0-6 kk., Unit Price: 9,75 €, Comparison Price: 24,38 €/kg
Product: Nestlé Nan 800g HA 2 maitopohjainen vieroitusvalmiste, Unit Price: 17,95 €, Comparison Price: 22,44 €/kg
Product: Nutrilon Omneo 2 800 g, kliininen ravintovalmistejauhe imeväisikäiselle, 6-12kk., Unit Price: 16,90 €, Comparison Price: 21,12 €/kg
Product: Nutrilon Pepti Syneo 2 400g, kliininen ravintovalmiste lehmänmaitoallergian ruokavaliohoitoon, jauhe, 6-12kk, Unit Price: 23,50 €, Comparison Price: 58,75 €/kg
Product: Nestlé NAN Sensilac 1 Äidinmaidonkorvike 800g, Unit Price: 13,20 €, Comparison Price: 16,50 €/kg
Product: Nutrilon Nutriton 135g, jauhemainen ravinnon sakeuttaja, kliininen ravintovalmiste, Unit Price: 10,00 €, Comparison Price: 74,07 €/kg
Product: Semper BabySemp2 Maitopohjainen vieroitusvalmiste alkaen 6 kk, jauhe 500g, Unit Price: 7,75 €, Comparison Price: 15,50 €/kg
Product: Nutrilon Pepti Syneo 1 400g, kliininen ravintovalmiste lehmänmaitoallergian ruokavaliohoitoon, jauhe, 0-6kk, Unit Price: 23,50 €, Comparison Price: 58,75 €/kg
Product: Nestlé Nan 800g HA 1 maitopohjainen äidinmaidonkorvike, Unit Price: 17,95 €, Comparison Price: 22,44 €/kg
Product: Semper BabySemp1 Maitopohjainen äidinmaidonkorvike syntymästä alkaen, jauhe 500g, Unit Price: 7,75 €, Comparison Price: 15,50 €/kg
Product: Nutrilon AR 400 g, ruoan takaisinvirtauksen ruokavaliohoitoon, alk 0 kk, Unit Price: 10,19 €, Comparison Price: 25,48 €/kg
Product: Nestlé Health Science Althéra 400g Erikoisravintovalmiste, Unit Price: 17,00 €, Comparison Price: 42,50 €/kg
Product: Nestlé NAN A.R. 800g Kliininen ravintovalmiste, Unit Price: 20,00 €, Comparison Price: 25,00 €/kg
Product: Tasangon suklaa pikkuleipä 300g, Unit Price: 2,99 €, Comparison Price: 9,97 €/kg
Product: Xtra 150/105g tonnikalaa hienonnettuna auringonkukkaöljyssä, Unit Price: 0,72 €, Comparison Price: 6,86 €/kg
Product: Rainbow 300g aprikoosimarmeladi, Unit Price: 1,95 €, Comparison Price: 6,50 €/kg
Product: Rainbow 300g omenamarmeladi, Unit Price: 1,39 €, Comparison Price: 4,63 €/kg
Product: Saarioinen Omenamarmeladi 230g, Unit Price: 1,65 €, Comparison Price: 7,17 €/kg
Product: Filos Deluxe 240g viikuna erikoishillo, Unit Price: 2,29 €, Comparison Price: 9,54 €/kg
Product: Filos 370g kreikkalainen kirsikkamarmeladi, Unit Price: 2,69 €, Comparison Price: 7,27 €/kg
Product: Saarioinen Aprikoosimarmeladi 230g, Unit Price: 1,85 €, Comparison Price: 8,04 €/kg
Product: Filos 370g kreikkalainen aprikoosimarmeladi, Unit Price: 2,69 €, Comparison Price: 7,27 €/kg
Product: Hommanäs Omena-kanelihyytelö 80 % 125 g, Unit Price: 2,48 €, Comparison Price: 19,84 €/kg
Product: Fazer Pihlaja 280 g hedelmävalmiste, Unit Price: 3,99 €, Comparison Price: 14,25 €/kg
Product: Fazer Vihreitä Kuulia 280 g päärynävalmiste, Unit Price: 3,99 €, Comparison Price: 14,25 €/kg
Product: Fazer Fasupala Original keksi 215g, Unit Price: 3,49 €, Comparison Price: 16,23 €/kg
Product: Barilla Penne Rigate durumvehnästä valmistettu pasta 500g, Unit Price: 1,85 €, Comparison Price: 3,70 €/kg
Product: Prima kloriitti 1,5 l, Unit Price: 2,39 €, Comparison Price: 1,59 €/l
Product: Rainbow 325g keittokinkku, Unit Price: 5,05 €, Comparison Price: 15,54 €/kg
Product: Bertolli 500ml Olio di Oliva Classico oliiviöljy, Unit Price: 9,89 €, Comparison Price: 19,78 €/l
Product: Bergen Original Cookies 3x Choco 130g suklaahippukeksejä valko- ja maitosuklaalla sekä tummasuklaalla, Unit Price: 1,29 €, Comparison Price: 9,92 €/kg
Product: Memmas Knossos Luomu Extra Neitsytoliiviöljy 500 ml, Unit Price: 10,99 €, Comparison Price: 21,98 €/l
Product: Coop sipulisilli 500/245 g, Unit Price: 2,80 €, Comparison Price: 11,43 €/kg
Product: Serla Handy talouspaperiarkki 135kpl, Unit Price: 2,65 €, Comparison Price: 0,02 €/kpl
Product: Makeup Revolution 100ml Pro Fix Amazing Makeup Fixing Spray meikinkiinnityssuihke, Unit Price: 8,95 €, Comparison Price: 
Product: Bolsius tuoksukynttilä lasissa 50/80 magnolia, Unit Price: 2,55 €, Comparison Price: 
Product: HP Rani Plast 40 L sangallinen jätekassi, Unit Price: 2,05 €, Comparison Price: 0,10 €/kpl
Product: Filipinos 128g Maitosuklaakuorrutteinen maustekeksi, Unit Price: 1,45 €, Comparison Price: 11,33 €/kg
Product: Rainbow taskunenäliina 6 x 10 kpl, Unit Price: 1,29 €, Comparison Price: 0,02 €/kpl
Product: Coop paseerattu tomaatti 200g, Unit Price: 0,45 €, Comparison Price: 2,25 €/kg
Product: Old El Paso 320g Cheese salsa, Unit Price: 3,35 €, Comparison Price: 10,47 €/kg
Product: Delisana Soft Cakes pehmeä leivoskeksi mansikka 135g mansikanmakuisella hyytelöllä (52%) suklaakuorrutteella., Unit Price: 1,09 €, Comparison Price: 8,07 €/kg
Product: Risella valmisriisi basmati 200g, Unit Price: 1,79 €, Comparison Price: 8,95 €/kg
Product: Risella valmisriisi jasmiini 200g, Unit Price: 1,79 €, Comparison Price: 8,95 €/kg
Product: Risella basmatiriisi lime-korianteri 200g valmisriisi, Unit Price: 1,79 €, Comparison Price: 8,95 €/kg
Product: Risella valmisriisi basmati Garam Masala 200g, Unit Price: 1,69 €, Comparison Price: 8,45 €/kg
Product: Risella Basmatiriisi kookos-sitruunaruoho 200g valmisriisi, Unit Price: 1,79 €, Comparison Price: 8,95 €/kg
Product: Ben's Original Valmisriisi Meksikolaiseen tapaan 220g, Unit Price: 2,05 €, Comparison Price: 9,32 €/kg
Product: Ben's Original Jasmiini & basmati valmisriisi 220g, Unit Price: 2,05 €, Comparison Price: 9,32 €/kg
Product: Ben's Original Valmisriisi paahdetulla valkosipulilla 220g, Unit Price: 2,05 €, Comparison Price: 9,32 €/kg
Product: Ben's Original Thai sweet chili valmisriisi 220g, Unit Price: 2,05 €, Comparison Price: 9,32 €/kg
Product: Risella valmis punainen & valkoinen kvinoaseos 200g, Unit Price: 1,79 €, Comparison Price: 8,95 €/kg
Product: Risella Välimeren riisi 200g valmisriisi, Unit Price: 1,79 €, Comparison Price: 8,95 €/kg
Product: Ben's Original Valmisriisi kasviksilla 220g, Unit Price: 2,05 €, Comparison Price: 9,32 €/kg
Product: Ben's Original Välimeren tapaan valmisriisi 220g, Unit Price: 2,05 €, Comparison Price: 9,32 €/kg
Product: Ben's Original Tulinen valmisriisi meksikolaiseen tapaan 220g, Unit Price: 2,05 €, Comparison Price: 9,32 €/kg
Product: Ben's Original Paistettu valmisriisi Thai tapaan 220g, Unit Price: 2,05 €, Comparison Price: 9,32 €/kg
Product: Ben's Original Pitkäjyväinen valmisriisi 220g, Unit Price: 2,05 €, Comparison Price: 9,32 €/kg
Product: House voimakuminauha medium, Unit Price: 12,95 €, Comparison Price: 
Product: Bolsius tuoksukynttilät 95/95 magnolia, Unit Price: 5,95 €, Comparison Price: 
Product: Bolsius True Scents – tuoksulämpökynttilät – Fresh Cotton – 18 kpl/pakkaus, Unit Price: 1,50 €, Comparison Price: 0,08 €/kpl
Product: Änglamark Extra virgin espanjalainen oliiviöljy luomu 0,5 l, Unit Price: 4,14 €, Comparison Price: 8,28 €/l
Product: Rainbow kalsium- ja D-vitamiinivalmiste 800mg + 10µg ravintolisä 180kpl/225g, Unit Price: 4,49 €, Comparison Price: 0,02 €/kpl
Product: Calcia 800 Magnesium kalkki-magnesiumtabletti 180 tabl, Unit Price: 7,59 €, Comparison Price: 0,04 €/kpl
Product: Sana-sol Vitanallet Kalsium+D-vitamiinivalmiste pehmeä, sokeriton, pureskeltava ja mansikanmakuinen ravintolisä 90kpl, Unit Price: 19,45 €, Comparison Price: 0,22 €/kpl
Product: Calcia 800 Plus kalkki-monivitamiini-monimineraalitabletti 140 tabl, Unit Price: 9,95 €, Comparison Price: 0,07 €/kpl
Product: Vire hivenaine- ja vitamiinivalmiste Kalsium-Magnesium-D-vitamiini 120 tablettia / 176 g, Unit Price: 7,19 €, Comparison Price: 0,06 €/kpl
Product: Vitatabs C + Biotiini  kromi-biotiini-C-vitamiinitabletti 200 tabl, Unit Price: 9,50 €, Comparison Price: 0,05 €/kpl
Product: Sana-sol Kalsium+D-vitamiini Sitruunanmakuinen purutabletti ravintolisä 90tabl/153g, Unit Price: 9,29 €, Comparison Price: 0,10 €/kpl
Product: Sana-sol Kalsium-Magnesium-D-vitamiini tabletti ravintolisä 120tabl, Unit Price: 8,69 €, Comparison Price: 0,07 €/kpl
Product: Makrobios Krom 50 mcg 100 tablettia 35g, Unit Price: 4,20 €, Comparison Price: 0,04 €/kpl
Product: Kalsium-D3-vitamiini-magnesiumtabletti, Unit Price: 9,45 €, Comparison Price: 0,06 €/kpl
Product: Calcia Luusto Tripla K2 - D3-vitamiini - kalsiumtabletti 90 tabl., Unit Price: 15,90 €, Comparison Price: 0,18 €/kpl
Product: Reformi nesteytysporetabletti mg+C+B+niasiini appelsiini 20tabl 80g ravintolisä, Unit Price: 6,20 €, Comparison Price: 0,31 €/kpl
Product: Vitatabs C + Kalkki D kalsium-magnesium-C-, D- ja K2-vitamiinitabletti 200 tabl, Unit Price: 9,50 €, Comparison Price: 0,05 €/kpl
Product: Terra Creta 500ml Estate Luomu Extra neitsyt oliiviöljy, Unit Price: 11,09 €, Comparison Price: 22,18 €/l
Product: Leivon Talonpoika 300g, Unit Price: 3,15 €, Comparison Price: 10,50 €/kg
Product: FB Striker v23, size 4, Unit Price: 24,95 €, Comparison Price: 
Product: Kotimaista puolukkahillo 310 g, Unit Price: 1,99 €, Comparison Price: 6,42 €/kg
Product: Keiju kylmäpuristettu extra virgin oliiviöljyspray 200 ml, Unit Price: 5,45 €, Comparison Price: 27,25 €/l
Product: Rainbow 750ml keittiösuihke fresh lemon, Unit Price: 1,45 €, Comparison Price: 1,93 €/l
Product: Froosh Smoothie Energizer Mango, appelsiini, porkkana ja inkivääri 235 ml, Unit Price: 2,29 €, Comparison Price: 9,74 €/l
Product: Coop sitruunanmakuinen oliiviöljy 250 ml, Unit Price: 3,99 €, Comparison Price: 15,96 €/l
Product: Saarioinen Vadelmahillo 500g, Unit Price: 4,79 €, Comparison Price: 9,58 €/kg
Product: Teloon merkkikiekkosetti 40 kpl, Unit Price: 16,95 €, Comparison Price: 
Product: essence 8h matte comfort huultenrajauskynä 0,3g, Unit Price: 2,19 €, Comparison Price: 
Product: essence 8h matte comfort huultenrajauskynä 0,3g, Unit Price: 2,19 €, Comparison Price: 
Product: essence 8h matte comfort huultenrajauskynä 0,3g, Unit Price: 2,19 €, Comparison Price: 
Product: MUA Make Up Academy Intense Colour Lip Liner 1 g Heroic huultenrajauskynä, Unit Price: 1,99 €, Comparison Price: 995,00 €/kg
Product: MUA Make Up Academy Intense Colour Lip Liner 1 g  Romance huultenrajauskynä, Unit Price: 1,99 €, Comparison Price: 995,00 €/kg
Product: MUA Make Up Academy Intense Colour Lip Liner 1 g  Heartfelt huultenrajauskynä, Unit Price: 1,99 €, Comparison Price: 995,00 €/kg
Product: essence soft & precise huultenrajauskynä 0,78g, Unit Price: 1,25 €, Comparison Price: 1250,00 €/kg
Product: MUA Make Up Academy Intense Colour Lip Liner 1,5 g Petal huultenrajauskynä, Unit Price: 2,15 €, Comparison Price: 1075,00 €/kg
Product: essence soft & precise huultenrajauskynä 0,78g, Unit Price: 1,25 €, Comparison Price: 1250,00 €/kg
Product: MUA Make Up Academy Intense Colour Lip Liner 1 g  Love Letter huultenrajauskynä, Unit Price: 1,99 €, Comparison Price: 995,00 €/kg
Product: MUA Make Up Academy Intense Colour Lip Liner 1 g  Razzleberry huultenrajauskynä, Unit Price: 1,99 €, Comparison Price: 995,00 €/kg
Product: essence soft & precise huultenrajauskynä 0,78g, Unit Price: 1,25 €, Comparison Price: 1250,00 €/kg
Product: Lumene Luminous Color Huultenrajauskynä 3 Vanamo 1,1 g, Unit Price: 9,60 €, Comparison Price: 
Product: Rimmel Lasting Finish Lip Liner huultenrajauskynä 1,2 g, 760 90's Nude, Unit Price: 4,90 €, Comparison Price: 
Product: essence 8h matte comfort huultenrajauskynä 0,3g, Unit Price: 2,19 €, Comparison Price: 
Product: MUA Make Up Academy Intense Colour Lip Liner 1 g  Mystic huultenrajauskynä, Unit Price: 1,99 €, Comparison Price: 995,00 €/kg
Product: Gosh Velvet Touch Lipliner Waterproof 001 Nougat Crisp huultenrajauskynä 1,2g, Unit Price: 8,90 €, Comparison Price: 
Product: IsaDora All-in-One Lipliner Creamy Brown 1,2 ml, Unit Price: 13,90 €, Comparison Price: 
Product: IsaDora All-in-One Lipliner Dusty Rose 1,2 ml, Unit Price: 13,90 €, Comparison Price: 
Product: Maybelline New York Color Sensational Precision Lip Liner  547 Pleasure Me Red -huultenrajauskynä 0,35g, Unit Price: 5,90 €, Comparison Price: 
Product: Gosh Velvet Touch Lipliner Waterproof 009 Rose huultenrajauskynä 1,2g, Unit Price: 8,90 €, Comparison Price: 
Product: L'Oréal Paris Color Riche 362 Crystal Cappucino huultenrajauskynä 1,2 g, Unit Price: 10,50 €, Comparison Price: 
Product: MUA Make Up Academy Intense Colour Lip Liner 1,5 g Suntan huultenrajauskynä, Unit Price: 2,15 €, Comparison Price: 1075,00 €/kg
Product: MUA Make Up Academy Intense Colour Lip Liner 1,5 g Maple huultenrajauskynä, Unit Price: 2,15 €, Comparison Price: 1075,00 €/kg
Product: Coop paseerattu tomaatti chili 500g, Unit Price: 1,19 €, Comparison Price: 2,38 €/kg
Product: Lasituoksukynttilä Tropic 7.4 x 8.3 cm, Unit Price: 4,35 €, Comparison Price: 
Product: Herkku mätisalaatti 140 g, Unit Price: 3,98 €, Comparison Price: 28,43 €/kg
Product: Rummo Fettuccine all'uovo pasta no 94 250g, Unit Price: 2,44 €, Comparison Price: 9,76 €/kg
Product: Kotimaista vichy 1,5l, Unit Price: 1,29 €, Comparison Price: 0,59 €/l
Product: Kotimaista sitruuna vichy 1,5l, Unit Price: 1,39 €, Comparison Price: 0,66 €/l
Product: Hartwall Vichy Original kivennäisvesi 0,5 l, Unit Price: 2,15 €, Comparison Price: 3,90 €/l
Product: Hartwall Vichy Original kivennäisvesi 1,5 l, Unit Price: 2,95 €, Comparison Price: 1,70 €/l
Product: Kotimaista vichy 0,5l, Unit Price: 0,89 €, Comparison Price: 1,38 €/l
Product: 6 x Kotimaista vichy 0,5l, Unit Price: 3,95 €, Comparison Price: 0,92 €/l
Product: 24 x Hartwall Vichy Original kivennäisvesi 0,33 l, Unit Price: 13,39 €, Comparison Price: 1,39 €/l
Product: OLVI Vichy kivennäisvesi 0,95 l kmp, Unit Price: 1,79 €, Comparison Price: 1,67 €/l
Product: 12 x Kotimaista Vichy kivennäisvesi 0,33l, Unit Price: 6,18 €, Comparison Price: 1,11 €/l
Product: Kotimaista sitruuna vichy kivennäisvesi 0,5l, Unit Price: 0,89 €, Comparison Price: 1,38 €/l
Product: 12 x OLVI Vichy kivennäisvesi 0,33 l kmp, Unit Price: 6,39 €, Comparison Price: 1,31 €/l
Product: 12xOLVI Vichy Ananas 0,33 l kmp, Unit Price: 6,39 €, Comparison Price: 1,31 €/l
Product: 12 x OLVI Vichy Päärynä 0,33 l kmp, Unit Price: 6,39 €, Comparison Price: 1,31 €/l
Product: OLVI Vichy kivennäisvesi 1,65 l kmp, Unit Price: 2,25 €, Comparison Price: 1,12 €/l
Product: Värska Vichy 1,5L PET, Unit Price: 1,89 €, Comparison Price: 0,99 €/l
Product: Värska Vichy 0,5L PET, Unit Price: 1,05 €, Comparison Price: 1,70 €/l
Product: 6 x Hartwall Vichy Original Double Salted kivennäisvesi 0,33 l, Unit Price: 5,39 €, Comparison Price: 2,27 €/l
Product: 18 x Hartwall Vichy Original kivennäisvesi 0,33 l, Unit Price: 11,95 €, Comparison Price: 1,56 €/l
Product: 4x Värska Vichy 1,5L PACK PET, Unit Price: 6,89 €, Comparison Price: 0,88 €/l
Product: 6 x Hartwall Vichy Original kivennäisvesi 0,33 l, Unit Price: 5,39 €, Comparison Price: 2,27 €/l
Product: Villi Vichy vadelma-karhunvatukka 1,5l, Unit Price: 1,99 €, Comparison Price: 1,06 €/l
Product: Hartwall Vichy Original kivennäisvesi 0,25 l, Unit Price: 1,35 €, Comparison Price: 5,00 €/l
Product: Värska Vichy 0,33L KLP, Unit Price: 1,25 €, Comparison Price: 3,48 €/l
Product: Villi Vichy mansikka-raparperi 1,5l, Unit Price: 1,99 €, Comparison Price: 1,06 €/l
Product: Gymstick Pro vastuskuminauhat Strong, Unit Price: 7,99 €, Comparison Price: 
Product: Sini sinisanko ja teline, Unit Price: 14,95 €, Comparison Price: 
Product: Valio Hyvä suomalainen Arki® jogurtti 1 kg maustamaton, Unit Price: 1,48 €, Comparison Price: 1,48 €/kg
Product: Hau-Hau Champion Nokian Nappulatehtaan Kalkkunaa & kauraa täysravinto aikuisille koirille 2 kg, Unit Price: 6,90 €, Comparison Price: 3,45 €/kg
Product: Dagsmark LAPPI viljaton koiran kuivaruoka kana-peruna 2kg, Unit Price: 14,59 €, Comparison Price: 7,30 €/kg
Product: Hau-Hau Champion Nokian Nappulatehtaan Kanaa, riisiä & kauraa täysravinto senioreille ja keventäville 1,5 kg, Unit Price: 7,95 €, Comparison Price: 5,30 €/kg
Product: Frolic Mini Siipikarjaa, kasviksia ja viljaa 1kg, Unit Price: 5,39 €, Comparison Price: 5,39 €/kg
Product: Perfect Fit Senior 10+ Kanaa 825g, Unit Price: 5,59 €, Comparison Price: 6,78 €/kg
Product: Hau-Hau Champion Nokian Nappulatehtaan Kanaa, riisiä & kauraa täysravinto aikuisille koirille 2 kg, Unit Price: 8,95 €, Comparison Price: 4,47 €/kg
Product: Hau-Hau Champion Nokian Nappulatehtaan Kanaa, riisiä & kauraa täysravinto aikuisille koirille 12 kg, Unit Price: 39,50 €, Comparison Price: 3,29 €/kg
Product: Frolic Häränlihaa, kasviksia ja viljaa 1,5kg, Unit Price: 7,79 €, Comparison Price: 5,19 €/kg
Product: Dagsmark HÄME vehnätön koiran kuivaruoka kala-kaura 2kg, Unit Price: 14,59 €, Comparison Price: 7,30 €/kg
Product: Barilla Collezione Pappardelle All Uovo durumvehnästä ja kanamunasta valmistettu pasta 250g, Unit Price: 2,09 €, Comparison Price: 8,36 €/kg
Product: Rainbow 1,5kg mureat nappulat mini täysrehu pienille koirille, sisältää kanaa, Unit Price: 4,29 €, Comparison Price: 2,86 €/kg
Product: Dagsmark KEVYT & SENIORI koiran kuivaruoka vehnätön kana-kaura 2 kg, Unit Price: 14,59 €, Comparison Price: 7,30 €/kg
Product: Perfect Fit Adult 1+ Kanaa 825g, Unit Price: 5,59 €, Comparison Price: 6,78 €/kg
Product: Hau-Hau Champion Nokian Nappulatehtaan Kanaa, riisiä & kauraa täysravinto aikuisille koirille 6 kg, Unit Price: 23,19 €, Comparison Price: 3,87 €/kg
Product: Friskies 4kg Adult Nautaa koiranruoka, Unit Price: 9,95 €, Comparison Price: 2,49 €/kg
Product: Rehti Kana koiranruoka 2 kg, Unit Price: 8,09 €, Comparison Price: 4,05 €/kg
Product: Hau-Hau Champion Nokian Nappulatehtaan Lohta, riisiä & kauraa täysravinto aikuisille koirille 2 kg, Unit Price: 10,49 €, Comparison Price: 5,25 €/kg
Product: Dagsmark ELINVOIMA & VIREYS koiran kuivaruoka vehnätön kana-kaura 2 kg, Unit Price: 14,59 €, Comparison Price: 7,30 €/kg
Product: Crave Lammasta & Härkää koiranruoka 2,8kg, Unit Price: 21,15 €, Comparison Price: 7,55 €/kg
Product: Hau-Hau Champion Nokian Nappulatehtaan Kanaa, riisiä & kauraa täysravinto pienille aikuisille koirille 1,5 kg, Unit Price: 7,95 €, Comparison Price: 5,30 €/kg
Product: Crave Lammasta & Härkää koiranruoka 1kg, Unit Price: 8,29 €, Comparison Price: 8,29 €/kg
Product: Friskies 15kg Adult Nautaa koiranruoka, Unit Price: 31,90 €, Comparison Price: 2,13 €/kg
Product: Purina ONE 1,5kg Small Dog <10kg Adult Runsaasti Nautaa, sisältää Riisiä koiranruoka, Unit Price: 8,69 €, Comparison Price: 5,79 €/kg
Product: Dagsmark KEVYT & SENIORI koiran kuivaruoka vehnätön kana-kaura 10 kg, Unit Price: 58,90 €, Comparison Price: 5,89 €/kg
Product: Werraton Viljaton 2 kg, Unit Price: 12,99 €, Comparison Price: 6,50 €/kg
Product: Sunnuntai isot Lehtitaikinalevyt 800 g, Unit Price: 5,29 €, Comparison Price: 6,61 €/kg
Product: Sini teleskooppivarsi 250cm, Unit Price: 22,95 €, Comparison Price: 
Product: Sunnuntai murotaikina 400 g, Unit Price: 3,25 €, Comparison Price: 8,13 €/kg
Product: NP Cocktail Italian Spritz  4,0% 0,33l, Unit Price: 2,45 €, Comparison Price: 6,97 €/l
Product: Myllyn Paras Voitaikinalevyjä 500g, Unit Price: 3,29 €, Comparison Price: 6,58 €/kg
Product: 6x Mama Itämainen vihanneksenmakuinen nuudeli 60g, Unit Price: 3,35 €, Comparison Price: 9,31 €/kg
Product: essence LONG-LASTING silmänrajauskynä 0,28 g, Unit Price: 1,89 €, Comparison Price: 675,00 €/kg
Product: essence 24ever ink liner silmänrajaustussi 1,2 ml, Unit Price: 3,49 €, Comparison Price: 3490,00 €/l
Product: essence LONG-LASTING silmänrajauskynä 0,28 g, Unit Price: 1,89 €, Comparison Price: 675,00 €/kg
Product: essence inner eye brightening pen silmänrajauskynä 1,02 g, Unit Price: 1,25 €, Comparison Price: 1250,00 €/kg
Product: MUA Make Up Academy Eye Define Felt Liner 0,6 ml silmänrajaustussi, Unit Price: 2,90 €, Comparison Price: 
Product: essence dip eyeliner waterproof 24h long-lasting vedenkestävä silmänrajausväri 01 black 3 ml, Unit Price: 3,49 €, Comparison Price: 1163,33 €/l
Product: essence liquid ink eyeliner waterproof vedenkestävä nestemäinen rajausväri 3 ml, Unit Price: 2,99 €, Comparison Price: 996,67 €/l
Product: Lumene Intense Precision Nestemäinen Rajausväri Musta 1,7 ml, Unit Price: 13,90 €, Comparison Price: 6950,00 €/l
Product: Rimmel Scandal'eyes Eye Definer 0,35 g, 001 Intense Black silmänrajauskynä, Unit Price: 7,90 €, Comparison Price: 
Product: essence kajaalikynä 1g, Unit Price: 1,25 €, Comparison Price: 1250,00 €/kg
Product: MUA Make Up Academy Intense Colour Eye Liner 1 g Lights Out silmänrajauskynä, Unit Price: 1,55 €, Comparison Price: 
Product: essence LONG-LASTING silmänrajauskynä 0,28 g, Unit Price: 1,89 €, Comparison Price: 675,00 €/kg
Product: Rimmel 3,5ml Glam'Eyes Professional Liquid Eyeliner 001 Black Glamour nestemäinen rajausväri, Unit Price: 8,90 €, Comparison Price: 
Product: L'Oréal Paris Infaillible Brows 24H Micro Precision 3.0 Brunette kulmakynä 0,9g, Unit Price: 9,90 €, Comparison Price: 
Product: MUA Make Up Academy Intense Colour Eye Liner 1 g Streak silmänrajauskynä, Unit Price: 1,55 €, Comparison Price: 1550,00 €/kg
Product: essence LONG-LASTING silmänrajauskynä 0,28 g, Unit Price: 1,89 €, Comparison Price: 675,00 €/kg
Product: L'Oréal Paris Le Khôl Naturel by Paradise 120 Immaculate Snow silmänrajauskynä 1,2g, Unit Price: 8,95 €, Comparison Price: 
Product: essence LONG-LASTING silmänrajauskynä 0,28 g, Unit Price: 1,89 €, Comparison Price: 675,00 €/kg
Product: essence eyeliner pen extra long-lasting 010 Blackest Black silmänrajaustussi 1,1 ml, Unit Price: 2,89 €, Comparison Price: 2890,00 €/l
Product: essence liquid ink eyeliner waterproof brown vedenkestävä nestemäinen rajausväri ruskea 3 ml, Unit Price: 2,99 €, Comparison Price: 996,67 €/l
Product: Lumene Longwear Eye Pencil 3 Pehmeä harmaa 1,14 g, Unit Price: 9,50 €, Comparison Price: 9500,00 €/kg
Product: Maybelline New York Lasting Drama Liquid Ink Waterproof -nestemäinen silmänrajaus 2,5ml, Unit Price: 8,95 €, Comparison Price: 
Product: Rimmel 2,5ml Scandaleyes Liquid Eyeliner 001 Black nestemäinen silmänrajausväri, Unit Price: 8,90 €, Comparison Price: 
Product: Rimmel 3,5ml Glam Eyes Professional Liquid Eyeliner 002 Velvet Brown nestemäinen silmänrajausväri, Unit Price: 8,90 €, Comparison Price: 
Product: Crowmoor Vodka Spritz Positively Pineapple maustettu alkoholijuoma 4,1 % tölkki 0,33 L, Unit Price: 1,64 €, Comparison Price: 4,52 €/l
Product: Rainbow Karamelli-kermajogurtti 400 g, Unit Price: 1,89 €, Comparison Price: 4,72 €/kg
Product: Kotimaista sitruunaässä 400 g, Unit Price: 2,49 €, Comparison Price: 6,23 €/kg
Product: Silver Fern Farms karitsan sisäfilee, Unit Price: 39,90 €, Comparison Price: 
Product: Karitsan ulkofile, Unit Price: 39,90 €, Comparison Price: 
Product: Silver Fern Farms karitsan paahtopaisti, Unit Price: 22,90 €, Comparison Price: 
Product: Silver Fern Farms karitsan kruunu, Unit Price: 49,90 €, Comparison Price: 
Product: Lihasampo karitsan grillivarras marinoitu, Unit Price: 24,90 €, Comparison Price: 
Product: Karitsan paisti luuton, Unit Price: 25,90 €, Comparison Price: 
Product: Fazer Fasupala Pätkis vohveli 199g, Unit Price: 3,89 €, Comparison Price: 19,55 €/kg
Product: Suomen Sillikonttori Gin-Katajanmarja Artesaani-silli 280g MSC, Unit Price: 4,29 €, Comparison Price: 30,64 €/kg
Product: Mini-Maid 22cm lautanen ruskea, Unit Price: 1,99 €, Comparison Price: 0,10 €/kpl
Product: Vileda UltraMax sanko ja puristin, Unit Price: 16,45 €, Comparison Price: 
Product: Kotimaista AB-Luomujogurtti 1kg maustamaton, Unit Price: 2,78 €, Comparison Price: 2,78 €/kg
Product: Rainbow biojätepussi paperinen 20kpl, Unit Price: 3,05 €, Comparison Price: 0,15 €/kpl
Product: Xtra taskunenäliina 10 pkt, Unit Price: 1,22 €, Comparison Price: 0,01 €/kpl
Product: Herkku kylmäsavukalasalaatti 180 g, Unit Price: 3,98 €, Comparison Price: 22,11 €/kg
Product: HoviRuoka 260g/4kpl Gluteeniton Riisipiirakka, Unit Price: 1,99 €, Comparison Price: 7,65 €/kg
Product: essence the NUDE edition eyeshadow palette luomiväripaletti 10 g, Unit Price: 4,99 €, Comparison Price: 499,00 €/kg
Product: essence the ROSE edition eyeshadow palette luomiväripaletti 10 g, Unit Price: 4,99 €, Comparison Price: 499,00 €/kg
Product: Makeup Revolution Re-Loaded Affection Luomiväri, Unit Price: 6,95 €, Comparison Price: 
Product: essence soft touch luomiväri 2g, Unit Price: 2,39 €, Comparison Price: 1195,00 €/kg
Product: Makeup Revolution Y2k Baby Forever Flawless Palette Babe Dreamer luomiväripaletti 18 sävyä 19,8g, Unit Price: 13,95 €, Comparison Price: 60,65 €/kg
Product: Makeup Revolution Reloaded Sugar Pie Palette luomiväripaletti 15 sävyä, Unit Price: 6,95 €, Comparison Price: 62,61 €/kpl
Product: Paese Kashmir matta luomiväri 3g, Unit Price: 8,95 €, Comparison Price: 2983,33 €/kg
Product: MUA Make Up Academy Eyeshadow Palette 5 shades 3,2 g  Neutral Wanderlust luomiväripaletti, Unit Price: 4,20 €, Comparison Price: 1400,00 €/kg
Product: MUA Make Up Academy Eyeshadow Palette 5 shades 3,2 g  Desert Bloom luomiväripaletti, Unit Price: 4,20 €, Comparison Price: 1400,00 €/kg
Product: Makeup Revolution Y2k Baby Ultimate Palette 00's Angel luomiväripaletti 7 sävyä 6,3g, Unit Price: 8,95 €, Comparison Price: 179,00 €/kg
Product: Makeup Revolution Reloaded Marvellous Mattes Luomiväri, Unit Price: 6,95 €, Comparison Price: 
Product: MUA Make Up Academy Eyeshadow Palette 5 shades 3,2 g  Enchantment luomiväripaletti, Unit Price: 4,20 €, Comparison Price: 1400,00 €/kg
Product: Paese Opal trio luomiväri 2,85g, Unit Price: 11,95 €, Comparison Price: 3983,33 €/kg
Product: Paese Dancing Queen trio luomiväri, Unit Price: 11,95 €, Comparison Price: 2987,50 €/kg
Product: Makeup Revolution Re-Loaded Palette - Velvet Rose Eyeshadow Luomiväri, Unit Price: 6,95 €, Comparison Price: 
Product: Makeup Revolution Ultimate Desire Palette Jewel Fixation luomiväri 9 eri sävyä 8,1g, Unit Price: 8,95 €, Comparison Price: 994,44 €/kg
Product: MUA Make Up Academy Eyeshadow Palette 15 shades 12 g Blush Nudes luomiväripaletti, Unit Price: 6,95 €, Comparison Price: 579,17 €/kg
Product: MUA Make Up Academy Eyeshadow Palette 15 shades 12 g Illusionist luomiväripaletti, Unit Price: 6,95 €, Comparison Price: 579,17 €/kg
Product: Paese Diamond luomiväri 2,15g, Unit Price: 8,95 €, Comparison Price: 4475,00 €/kg
Product: Makeup Revolution Ultimate Desire Palette Into The Bronze luomiväri 9 eri sävyä 8,1g, Unit Price: 8,95 €, Comparison Price: 994,44 €/kg
Product: MUA Make Up Academy Eyeshadow Palette 15 shades 12 g Kaleidoscope luomiväripaletti, Unit Price: 6,95 €, Comparison Price: 579,17 €/kg
Product: Max Factor Colour X-pert Soft Touch Palette 02 Crushed Bloom 4,3 g luomiväripaletti, Unit Price: 13,90 €, Comparison Price: 
Product: essence MULTICHROME FLAKES eyeshadow topper 01 Galactic vibes 2 g, Unit Price: 4,69 €, Comparison Price: 2345,00 €/kg
Product: Paese Luxus trio luomiväri 3,6g, Unit Price: 11,95 €, Comparison Price: 2987,50 €/kg
Product: Nuts about Nature Maapähkinävoi Crunchy 340g, Unit Price: 2,79 €, Comparison Price: 8,21 €/kg
Product: Coop nachos chips 150 g, Unit Price: 1,35 €, Comparison Price: 9,00 €/kg
Product: Grite nenäliina Orchidea 6x9kpl, Unit Price: 0,95 €, Comparison Price: 0,02 €/kpl
Product: Snickers suklaapatukka 50g, Unit Price: 0,89 €, Comparison Price: 17,80 €/kg
Product: L'Oréal Paris Studio Line Matt & Messy Paste Matta ultravoimakas muotoilutahna, 8/10 150ml, Unit Price: 4,49 €, Comparison Price: 29,93 €/l
Product: Amona maapähkinävoi american style 350g, Unit Price: 3,59 €, Comparison Price: 10,26 €/kg
Product: Piltti Kasvis 190g Kikherne-porkkana-pasta lastenateria 1-3v Luomu, Unit Price: 1,35 €, Comparison Price: 7,11 €/kg
Product: Valio Luomu™ luonnonjogurtti 1 kg laktoositon, Unit Price: 2,95 €, Comparison Price: 2,95 €/kg
Product: URTEKRAM Luomu Cashewpähkinävoi 150g, Unit Price: 3,50 €, Comparison Price: 23,33 €/kg
Product: Coop salsakastike medium 300 g, Unit Price: 1,99 €, Comparison Price: 6,63 €/kg
Product: Sini teleskooppivarsi 100-180cm, Unit Price: 20,95 €, Comparison Price: 
Product: Depend kulmaväri ruskeanmusta, Unit Price: 6,90 €, Comparison Price: 
Product: Depend vetyperoksidi 3% nr 4018, Unit Price: 1,95 €, Comparison Price: 
Product: Cameleo Kulmakarvaväri 3.0 Dark Brown, Unit Price: 6,90 €, Comparison Price: 
Product: Depend kulmaväri musta, Unit Price: 6,90 €, Comparison Price: 
Product: Depend kulmaväri ruskea, Unit Price: 6,90 €, Comparison Price: 
Product: BeautyLash Kulmakarva- ja ripsiväri musta, Unit Price: 11,90 €, Comparison Price: 
Product: BeautyLash Power-Brow Kulmaväri tummanruskea, Unit Price: 12,90 €, Comparison Price: 
Product: BeautyLash Kulmakarva- ja ripsiväri tummanruskea, Unit Price: 11,90 €, Comparison Price: 
Product: Cameleo kulmakarvaväri musta, Unit Price: 6,90 €, Comparison Price: 
Product: Kiss Strip Lash Glue ripsiliima kirkas 7g, Unit Price: 6,90 €, Comparison Price: 
Product: W7 Irtoripset ja liima Cluster Lashes, Unit Price: 7,90 €, Comparison Price: 
Product: Kiss Looks So Natural Trio ripsitupsut 30kpl, Unit Price: 8,90 €, Comparison Price: 
Product: W7 Irtoripset ja liima 3D Out out, Unit Price: 5,49 €, Comparison Price: 
Product: Kiss MLBB, All Mine irtoripset 1 pari, Unit Price: 9,70 €, Comparison Price: 
Product: Depend Ripsien ja Kulmakarvojen Pikavärjäys Musta 9016, Unit Price: 9,70 €, Comparison Price: 
Product: Depend Ripsien ja Kulmakarvojen Pikavärjäys Ruskeanmusta 9018, Unit Price: 9,70 €, Comparison Price: 
Product: Depend Ripsien ja Kulmakarvojen Pikavärjäys Ruskea 9017, Unit Price: 9,70 €, Comparison Price: 
Product: essence las glue ripsiliima 4,7 g, Unit Price: 3,09 €, Comparison Price: 618,00 €/kg
Product: W7 Irtoripset ja liima Wispy Hypnotise, Unit Price: 5,49 €, Comparison Price: 
Product: Kiss Looks So Natural Shy irtoripset 1pari, Unit Price: 9,70 €, Comparison Price: 
Product: W7 irtoripset faux silk electra, Unit Price: 5,49 €, Comparison Price: 5,49 €/pr
Product: Kiss Looks So Natural Iconic irtoripset 1pari, Unit Price: 9,70 €, Comparison Price: 
Product: Kiss Looks So Natural -ripsitupsut Combination 70kpl, Unit Price: 6,90 €, Comparison Price: 
Product: Naturel Ripsiliima latex 6ml, Unit Price: 3,95 €, Comparison Price: 
Product: Mama OK Hot Korean Flavour Nuudeli 85g, Unit Price: 1,19 €, Comparison Price: 14,00 €/kg
Product: Gelia jatkojohto 6m maadoitettu valkoinen, Unit Price: 10,95 €, Comparison Price: 
Product: Valio hedelmäinen jogurtti 150 g vadelma laktoositon, Unit Price: 1,24 €, Comparison Price: 8,27 €/kg
Product: Select tuomarinpilli ilman hernettä, Unit Price: 5,99 €, Comparison Price: 
Product: Hetki Rucola 50g, Unit Price: 0,99 €, Comparison Price: 19,80 €/kg
Product: Rainbow parketti & laminaatti puhdistusaine 1l, Unit Price: 1,89 €, Comparison Price: 1,89 €/l
Product: Rainbow Uuniomena-kermajogurtti 400 g, Unit Price: 1,89 €, Comparison Price: 4,72 €/kg
Product: Änglamark maapähkinävoi crunchy luomu 350 g, Unit Price: 2,99 €, Comparison Price: 8,54 €/kg
Product: Piltti Pohjoisen maut 125g Kuningatar marjasose 5kk, Unit Price: 0,99 €, Comparison Price: 7,92 €/kg
Product: Kangaspäällysteinen vastuskuminauha Light, Unit Price: 10,95 €, Comparison Price: 
Product: Schwarzkopf Taft Power hiusgeeli 150 ml, Unit Price: 3,99 €, Comparison Price: 26,60 €/l
Product: Kotimaista luomukananmunat M6 348 g, Unit Price: 2,09 €, Comparison Price: 6,01 €/kg
Product: Gelia jatkojohto 3m maadoitettu musta, Unit Price: 6,95 €, Comparison Price: 
Product: Lumene CC Color Correcting Meikkivoide SK20 0.5 Light 30 ml, Unit Price: 18,90 €, Comparison Price: 630,00 €/l
Product: Lumene CC Color Correcting Meikkivoide SK20 2 Medium 30 ml, Unit Price: 18,90 €, Comparison Price: 630,00 €/l
Product: Lumene CC Color Correcting Meikkivoide SK20 1.5 Fair 30 ml, Unit Price: 18,90 €, Comparison Price: 630,00 €/l
Product: Lumene Natural Glow Heleyttävä meikkivoide SK20 2 Medium 30 ml, Unit Price: 19,90 €, Comparison Price: 663,33 €/l
Product: Lumene CC Color Correcting Meikkivoide SK20 Ultra Light 30ml, Unit Price: 18,90 €, Comparison Price: 630,00 €/l
Product: Lumene Natural Glow Heleyttävä meikkivoide SK20 1.5 Fair 30 ml, Unit Price: 19,90 €, Comparison Price: 663,33 €/l
Product: Lumene Natural Glow Heleyttävä meikkivoide SK20 0.5 Light 30 ml, Unit Price: 19,90 €, Comparison Price: 663,33 €/l
Product: MUA Make Up Academy Pro Base Long Wear Matte Finish Foundation 30 ml 102 meikkivoide, Unit Price: 5,95 €, Comparison Price: 
Product: L'Oréal Paris C'est Magic Anti-redness Skin Enhancer CC -voide 30ml, Unit Price: 15,95 €, Comparison Price: 
Product: Lumene CC Color Correcting Meikkivoide SK20 Tan 30ml, Unit Price: 18,90 €, Comparison Price: 630,00 €/l
Product: essence SKIN tint sävytetty voide 20, Unit Price: 4,99 €, Comparison Price: 166,33 €/l
Product: Lumene Blur Pitkäkestoinen meikkivoide SK 15 0.5 Aamuaurinko 30ml, Unit Price: 18,50 €, Comparison Price: 616,67 €/l
Product: Lumene Invisible Illumination Instant Glow Sävyseerumi Universal Medium 30 ml, Unit Price: 35,90 €, Comparison Price: 1196,67 €/l
Product: essence stay ALL DAY 16h long-lasting meikkivoide 30 ml, Unit Price: 4,49 €, Comparison Price: 149,67 €/l
Product: Lumene Stay Meikkivoide 0 Ultra Light 30ml, Unit Price: 19,90 €, Comparison Price: 663,33 €/l
Product: Maybelline New York  Fit Me Matte & Poreless 105 Natural Ivory -meikkivoide 30ml, Unit Price: 9,90 €, Comparison Price: 
Product: L'Oréal Paris True Match 2.N Vanilla meikkivoide 30ml, Unit Price: 11,95 €, Comparison Price: 
Product: L'Oréal Paris True Match 1.N Ivory meikkivoide 30ml, Unit Price: 11,95 €, Comparison Price: 398,33 €/l
Product: Lumene Matte Oil-control Mattameikkivoide SPF20 2 Medium 30 ml, Unit Price: 16,50 €, Comparison Price: 550,00 €/l
Product: Lumene Stay Meikkivoide 2 Fair 30ml, Unit Price: 19,90 €, Comparison Price: 663,33 €/l
Product: L'Oréal Paris True Match  2.C Vanilla Rose meikkivoide 30ml, Unit Price: 11,95 €, Comparison Price: 398,33 €/l
Product: essence NATURAL MATTE MOUSSE meikkivoide 13, Unit Price: 4,99 €, Comparison Price: 311,88 €/kg
Product: Maybelline New York  Fit Me Luminous & Smooth 120 Classic Ivory -meikkivoide 30ml, Unit Price: 11,95 €, Comparison Price: 
Product: Makeup Revolution Ultra Cream Bronzer Aurinkopuuteri voidemainen  6,7g, Unit Price: 8,95 €, Comparison Price: 1278,57 €/kg
Product: adidas jalkapallo Euro2024 league koko 5, Unit Price: 29,95 €, Comparison Price: 
Product: Valio hedelmäinen jogurtti 150 g ananas laktoositon, Unit Price: 1,24 €, Comparison Price: 8,27 €/kg
Product: mjuuk volume mousse volyymivaahto 250 ml, Unit Price: 6,49 €, Comparison Price: 25,96 €/l
Product: Matilde Vicenzi savoiardi keksi 200g, Unit Price: 2,44 €, Comparison Price: 12,20 €/kg
Product: Wella Shockwaves 200ml Rock & Hold geeli, Unit Price: 4,79 €, Comparison Price: 23,95 €/l
Product: Ulkokynttilä foliossa pinkki 2 kpl, Unit Price: 3,65 €, Comparison Price: 1,83 €/kpl
Product: Santa Maria Tortilla Chips Cheese & Jalapeño Tortillasipsit, juusto & jalapeno 185g, Unit Price: 0,50 €, Comparison Price: 2,70 €/kg
Product: Rainbow muotoilugeeli 150 ml, Unit Price: 1,99 €, Comparison Price: 13,27 €/l
Product: Leivon Pikkuserkku-pikkuleipä 500 g, Unit Price: 2,99 €, Comparison Price: 5,98 €/kg
Product: Carrefour Soft Wet Effect hiusgeeli 150 ml, Unit Price: 1,79 €, Comparison Price: 11,93 €/l
Product: Kotimaista gluteeniton mutakakku 400 g pakaste, Unit Price: 2,60 €, Comparison Price: 6,50 €/kg
Product: Mama Itämainen vihanneksenmakuinen nuudeli 60g, Unit Price: 0,69 €, Comparison Price: 11,50 €/kg
Product: Xtra roskapussit sulkijanauhalla 20 l, Unit Price: 0,95 €, Comparison Price: 0,05 €/kpl
Product: Bormioli Rocco öljypullo 0,3 l Officina 1825, Unit Price: 5,95 €, Comparison Price: 
Product: Luminarc jääkaappikannu 1,1 l  luminarc, Unit Price: 7,50 €, Comparison Price: 
Product: Lav kaadin Fonte 1,2 l, Unit Price: 5,50 €, Comparison Price: 
Product: Luminarc kaadin Pure Jug 1 l, Unit Price: 7,90 €, Comparison Price: 
Product: Luminarc Funambule kaadin 1l, Unit Price: 7,50 €, Comparison Price: 
Product: Luminarc kaadin Tivoli 1,6 l, Unit Price: 6,50 €, Comparison Price: 
Product: Luminarc kaadin Tivoli 2,3 l, Unit Price: 9,50 €, Comparison Price: 
Product: House kaadin Sointu 1 l, Unit Price: 9,90 €, Comparison Price: 
Product: Iittala Kartio kaadin 0,95 l, kirkas, Unit Price: 85,00 €, Comparison Price: 
Product: Bormioli Fiori-öljypullo 0,5l 2kpl lahjapakkaus, Unit Price: 13,90 €, Comparison Price: 6,95 €/kpl
Product: Iittala Teema kaadin 20cl valkoinen, Unit Price: 25,50 €, Comparison Price: 
Product: Arabia Emilia kaadin 0,35L, Unit Price: 26,90 €, Comparison Price: 
Product: Kaadin 0,35l Pastoraali, Unit Price: 25,50 €, Comparison Price: 
Product: Arabia kannu Pastoraali 1l, Unit Price: 45,50 €, Comparison Price: 
Product: RCR karahvi melodia 1,16 l, Unit Price: 18,50 €, Comparison Price: 
Product: RCR kaadin Tattoo 0,9 l, Unit Price: 21,90 €, Comparison Price: 
Product: House kaadin Stella 0,33 l, Unit Price: 4,50 €, Comparison Price: 
Product: Moomin Arabia Muumi kaadin Seikkailu Muutto 1l, Unit Price: 46,90 €, Comparison Price: 
Product: Moomin Arabia Muumi kaadin Hämärän hetki 0,35 l, Unit Price: 31,90 €, Comparison Price: 
Product: Arabia kannu Esteri 1l, Unit Price: 45,50 €, Comparison Price: 
Product: Iittala Kartio kaadin 95cl tummanharmaa, Unit Price: 85,00 €, Comparison Price: 
Product: RCR kaadin Timelss 1,2l, Unit Price: 18,50 €, Comparison Price: 
Product: Iittala Teema teekannu 1l valkoinen, Unit Price: 56,50 €, Comparison Price: 
Product: Moomin Arabia Muumi kaadin Ystävyys 1 l, Unit Price: 46,90 €, Comparison Price: 
Product: Coop Tagliatelle pasta, sisältää kananmunaa 500 g, Unit Price: 2,09 €, Comparison Price: 4,18 €/kg
Product: Rainbow 150/105g tonnikalaa hiutaleina vedessä, Unit Price: 1,29 €, Comparison Price: 12,29 €/kg
Product: Semper Lasagne 1v lastenateria 235g, Unit Price: 1,55 €, Comparison Price: 6,60 €/kg
Product: Ulkokynttilä foliossa lime 2 kpl, Unit Price: 3,65 €, Comparison Price: 1,83 €/kpl
Product: Rainbow lakkahillo 400 g, Unit Price: 3,82 €, Comparison Price: 9,55 €/kg
Product: Meritalo Lakkahillo 310g, Unit Price: 6,99 €, Comparison Price: 22,55 €/kg
Product: Meritalo Suomalainen Lakkahillo kivetön 220g, Unit Price: 6,99 €, Comparison Price: 31,77 €/kg
Product: Herkku lakkahillo 300 g, Unit Price: 8,90 €, Comparison Price: 29,67 €/kg
Product: Herkkumaa Lakkahillo 460g, Unit Price: 7,95 €, Comparison Price: 17,28 €/kg
Product: Dronningholm Lakkahillo 340g, Unit Price: 7,25 €, Comparison Price: 21,32 €/kg
Product: Herkkumaa Arctic Berries Lakkahillo 260g, Unit Price: 4,99 €, Comparison Price: 19,19 €/kg
Product: Filipinos 128g Punaiset marjat valkosuklaakeksi, Unit Price: 1,85 €, Comparison Price: 14,45 €/kg
Product: Rainbow Trio tapas 150g, Unit Price: 4,29 €, Comparison Price: 28,60 €/kg
Product: Biozell Professional Tuuheuttava suolasuihke 150ml, Unit Price: 6,59 €, Comparison Price: 43,93 €/l
Product: Gelia jatkojohto 2+2 popup 2m 2xsuko+2xUSB A+C  60mm silver/musta, Unit Price: 37,90 €, Comparison Price: 
Product: Rainbow 3 x 80/56g tonnikalaa paloina öljyssä, Unit Price: 2,39 €, Comparison Price: 14,23 €/kg
Product: adidas jalkapallo Euro2024 training koko 3, Unit Price: 29,95 €, Comparison Price: 
Product: Filipinos 128g Maitosuklaakeksi, Unit Price: 1,85 €, Comparison Price: 14,45 €/kg
Product: Mama Itämainen katkaravunmakuinen nuudeli 60g, Unit Price: 0,69 €, Comparison Price: 11,50 €/kg
Product: Coop sitruuna-kermajogurtti laktoositon 400 g, Unit Price: 1,89 €, Comparison Price: 4,72 €/kg
Product: Amona maapähkinävoi smooth 600g, Unit Price: 6,19 €, Comparison Price: 10,32 €/kg
Product: Mutti Passata paseerattu tomaatti 500g, Unit Price: 1,79 €, Comparison Price: 3,58 €/kg
Product: Rainbow smoothie päärynä, kiivi & banaani luomu 90 g 6 kk, Unit Price: 0,75 €, Comparison Price: 8,33 €/kg
Product: got2b Powderful Volumizing Styling Powder hiuspuuteri 10g, Unit Price: 5,89 €, Comparison Price: 589,00 €/kg
Product: Apetit Kotimainen Peruna-sipulisekoitus pakaste 1kg, Unit Price: 1,85 €, Comparison Price: 1,85 €/kg
Product: House hierontarulla 33 cm, halkaisija 14 cm, Unit Price: 9,99 €, Comparison Price: 
Product: Santa Maria 475G Mini Nacho Chips, Unit Price: 3,49 €, Comparison Price: 7,35 €/kg
Product: got2b Glued Water Resistant Spiking Glue hiusgeeli 150ml, Unit Price: 5,89 €, Comparison Price: 39,27 €/l
Product: Fazer Froosh Hedelmäsmoothie 250 ml Persikka ja Passionhedelmä, Unit Price: 2,49 €, Comparison Price: 9,56 €/l
Product: Luminarc kuohuviinilasi Reims 14,5 cl 6-pack, Unit Price: 5,90 €, Comparison Price: 0,98 €/kpl
Product: Jupiter lasten pyöräilykypärä Kissa Y-26 48-54 cm, Unit Price: 19,95 €, Comparison Price: 
Product: Shampanjalasi 20 cl muovia, Unit Price: 2,50 €, Comparison Price: 
Product: Daloplast samppanjalasi 16 cl lila, Unit Price: 2,50 €, Comparison Price: 
Product: Jupiter pyöräilykypärä Urban Y-18 52-56 cm, Unit Price: 19,95 €, Comparison Price: 
Product: Iittala 2 kpl Essence kuohuviinilasi 21 cl, kirkas, Unit Price: 37,50 €, Comparison Price: 18,75 €/kpl
Product: got2b Farewell Flyaways muotoilugeeli 16ml, Unit Price: 5,79 €, Comparison Price: 361,88 €/l
Product: Iittala 2 kpl Essence valkoviinilasi 33 cl, kirkas, Unit Price: 35,50 €, Comparison Price: 17,75 €/kpl
Product: Jupiter lasten pyöräilykypärä Lisko Y-26 48-54 cm, Unit Price: 19,95 €, Comparison Price: 
Product: Daloplast viinilasi 25 cl lila, Unit Price: 2,50 €, Comparison Price: 
Product: Jupiter BMX-kypärä TBBH601 48-54 cm turkoosi, Unit Price: 17,95 €, Comparison Price: 
Product: Limar ensikypärä Kid pro S 46-52 violetti, Unit Price: 29,95 €, Comparison Price: 
Product: Daloplast viinilasi 25 cl kirkas, Unit Price: 2,50 €, Comparison Price: 
Product: Jupiter BMX-kypärä TBBH601 58-62 cm musta, Unit Price: 17,95 €, Comparison Price: 
Product: House kuohuviinilasi akryyli Rilla 1,4 dl, Unit Price: 2,95 €, Comparison Price: 
Product: Jupiter lasten ensikypärä Y-03 Sateenkaari, koko 46-52, Unit Price: 15,95 €, Comparison Price: 
Product: House viinilasi akryyli Rilla 2,4 dl harmaa, Unit Price: 3,50 €, Comparison Price: 
Product: Jupiter pyöräilykypärä Urban Y-19 54-58 cm valkoinen, Unit Price: 24,95 €, Comparison Price: 
Product: Eclat Ultime kuohuviinilasi 21cl 6kpl, Unit Price: 30,50 €, Comparison Price: 5,08 €/kpl
Product: Jupiter BMX-kypärä TBBH601 54-58 cm musta, Unit Price: 17,95 €, Comparison Price: 
Product: Eclat Ultime viinilasi 38cl 6kpl, Unit Price: 32,50 €, Comparison Price: 5,42 €/kpl
Product: Jupiter BMX-kypärä TBBH601 48-54 cm musta, Unit Price: 17,95 €, Comparison Price: 
Product: Luminarc La Cave kuohuviinilasi 16cl, Unit Price: 2,90 €, Comparison Price: 
Product: Limar ensikypärä Kid pro S 46-52 monivärinen, Unit Price: 29,95 €, Comparison Price: 
Product: RCR kuohuviinilasi Melodia 16cl 6kpl, Unit Price: 29,90 €, Comparison Price: 4,98 €/kpl
Product: Jupiter sport kypärä valolla 58-62 cm, Unit Price: 29,95 €, Comparison Price: 
Product: Iittala 2kpl Essence punaviinilasi 45 cl, kirkas, Unit Price: 35,50 €, Comparison Price: 17,75 €/kpl
Product: Jupiter MTB-kypärä TBBH148 58-62 cm mattamusta, Unit Price: 32,95 €, Comparison Price: 
Product: Lav kuohuviinilasi Fame 21,5 cl 6 kpl, Unit Price: 10,90 €, Comparison Price: 1,82 €/kpl
Product: Jupiter pyöräilykypärä Urban TBBH195 52-58 cm lime, Unit Price: 29,95 €, Comparison Price: 
Product: Luminarc La Cave viinilasi 36cl, Unit Price: 2,90 €, Comparison Price: 
Product: Limar sport-kypärä Scrambler 57-61 cm matta musta, Unit Price: 29,95 €, Comparison Price: 
Product: Lav viinilasi Fame 48 cl 6 kpl, Unit Price: 11,50 €, Comparison Price: 1,92 €/kpl
Product: Jupiter BMX-kypärä TBBH601 54-58 cm turkoosi, Unit Price: 17,95 €, Comparison Price: 
Product: Filos 500g orzo jyväpasta, Unit Price: 1,39 €, Comparison Price: 2,78 €/kg
Product: Limar BMX-kypärä 360 52-59 cm matta musta, Unit Price: 34,95 €, Comparison Price: 
Product: Luminarc viinilasi Grand Chais 47 cl, Unit Price: 3,95 €, Comparison Price: 
Product: Jupiter pyöräilykypärä Urban Y-18 52-56 cm turkoosi, Unit Price: 19,95 €, Comparison Price: 
Product: RCR viinilasi Tattoo 29 cl 6 kpl, Unit Price: 25,50 €, Comparison Price: 4,25 €/kpl
Product: Le Coq Cocktail Blue Lagoon 4,7% 0,33 l klp, Unit Price: 2,59 €, Comparison Price: 7,55 €/l
Product: Limar urban-kypärä Champ 52-58 cm Seawater, Unit Price: 39,95 €, Comparison Price: 
Product: Luminarc La Cave viinilasi 48cl, Unit Price: 2,90 €, Comparison Price: 
Product: Limar MTB/urban-kypärä Alben 52-57 Matt black, Unit Price: 54,95 €, Comparison Price: 
Product: Lav viinilasi Fame 39,5 cl 6 kpl, Unit Price: 11,50 €, Comparison Price: 1,92 €/kpl
Product: Jupiter lasten ensikypärä Y-03 Earth, koko 46-52, Unit Price: 15,95 €, Comparison Price: 
Product: Luminarc viinilasi Grand Chais 35 cl, Unit Price: 3,95 €, Comparison Price: 
Product: Jupiter sport kypärä valolla 52-56 cm, Unit Price: 29,95 €, Comparison Price: 
Product: Eclat Ultime viinilasi 47cl 6kpl, Unit Price: 32,50 €, Comparison Price: 5,42 €/kpl
Product: Jupiter kypärä BMX 54-58 pinkki, Unit Price: 17,95 €, Comparison Price: 
Product: Cristal d'Arques viinilasi Longchamp 25 cl 6 kpl, Unit Price: 30,50 €, Comparison Price: 5,08 €/kpl
Product: Jupiter kypärä Y-02 Sport, koko 58-61 cm, Unit Price: 19,95 €, Comparison Price: 
Product: Rainbow English Breakfast tee 40g/20ps, Unit Price: 0,79 €, Comparison Price: 19,75 €/kg
Product: Urtekram Luomu Pehmeä Maapähkinävoi 230g, Unit Price: 3,59 €, Comparison Price: 15,61 €/kg
Product: Kiilto Kivi ja Laatta Biohajoava Puhdistusaine 500ml, Unit Price: 2,59 €, Comparison Price: 5,18 €/l
Product: Nordqvist Uni-Jukka 20 x 1,75 g, Unit Price: 3,55 €, Comparison Price: 101,43 €/kg
Product: Hau-Hau Champion Kana-ateria täysravinto 260 g, Unit Price: 1,29 €, Comparison Price: 4,96 €/kg
Product: Hau-Hau Champion Lohiateria täysravinto 260 g, Unit Price: 1,29 €, Comparison Price: 4,96 €/kg
Product: Hau-Hau Champion Nauta-ateria täysravinto 260 g, Unit Price: 1,29 €, Comparison Price: 4,96 €/kg
Product: Kantolan Cream Cracker voileipäkeksi 200g, Unit Price: 1,69 €, Comparison Price: 8,45 €/kg
Product: Hau-Hau Champion Lammasateria täysravinto 260 g, Unit Price: 1,29 €, Comparison Price: 4,96 €/kg
Product: Elovena 10x30g tumma suklaa täysjyvä välipalakeksi 100% kauraa, Unit Price: 3,19 €, Comparison Price: 10,63 €/kg
Product: Hau-Hau Champion Possuateria täysravinto 260 g, Unit Price: 1,29 €, Comparison Price: 4,96 €/kg
Product: Hau-Hau Champion Riista-ateria täysravinto 260 g, Unit Price: 1,29 €, Comparison Price: 4,96 €/kg
Product: Hau-Hau Champion Viljaton kanaa kastikkeessa annosateria täysravinto 85 g, Unit Price: 0,69 €, Comparison Price: 8,12 €/kg
Product: Rainbow 300g koiran patee naudanliha, Unit Price: 0,79 €, Comparison Price: 2,63 €/kg
Product: Hau-Hau Champion Viljaton lohta kastikkeessa annosateria täysravinto 85 g, Unit Price: 0,69 €, Comparison Price: 8,12 €/kg
Product: Hau-Hau Champion Viljaton riistaa hyytelössä annosateria täysravinto 85 g, Unit Price: 0,69 €, Comparison Price: 8,12 €/kg
Product: Cesar Country Stew sis. Vasikkaa ja Kalkkunaa kastikkeessa (150 g), Unit Price: 1,59 €, Comparison Price: 10,60 €/kg
Product: Best-In Härkärisotto Koiran Tuoreruoka 500g, Unit Price: 2,39 €, Comparison Price: 4,78 €/kg
Product: Rainbow 300g koiran patee kana, Unit Price: 0,79 €, Comparison Price: 2,63 €/kg
Product: Hau-Hau Champion Viljaton lammasta hyytelössä annosateria täysravinto 85 g, Unit Price: 0,69 €, Comparison Price: 8,12 €/kg
Product: Cesar Country Stew sis. Kanaa, Kasviksia ja Persilijaa kastikkeessa (150 g), Unit Price: 1,59 €, Comparison Price: 10,60 €/kg
Product: Best-In Mustin Maksalaatikko Koiran Tuoreruoka 500g, Unit Price: 1,99 €, Comparison Price: 3,98 €/kg
Product: Cesar Classic Terrine sis. Härkää ja Maksaa terriinissä - Koiran märkäruoka annosrasiassa - (150 g), Unit Price: 1,59 €, Comparison Price: 10,60 €/kg
Product: Cesar Country Stew sis. Kalkkunaa ja Härkää kastikkeessa - Koiran märkäruoka annosrasiassa - (150 g), Unit Price: 1,59 €, Comparison Price: 10,60 €/kg
Product: Hau-Hau Champion Makkara-ateria kanaa 500 g, Unit Price: 2,15 €, Comparison Price: 4,30 €/kg
Product: Cesar Classic Terrine sis. Vasikkaa ja Kanaa terriinissä - Koiran märkäruoka annosrasiassa - (150 g), Unit Price: 1,59 €, Comparison Price: 10,60 €/kg
Product: Dagsmark LEVI kanapatee 90 g, Unit Price: 0,95 €, Comparison Price: 10,56 €/kg
Product: Crave Kosteaa koiranruokaa aikuisille koirille, Mureke sis. Lammasta & Härkää 150g, Unit Price: 1,85 €, Comparison Price: 12,33 €/kg
Product: Cesar Senior 10+ sis. Kanaa ja Riisiä hyytelössä (150 g), Unit Price: 1,59 €, Comparison Price: 10,60 €/kg
Product: Rainbow Koiranmakkara sisältää lohta täysrehu 500g, Unit Price: 1,45 €, Comparison Price: 2,90 €/kg
Product: Corny Chocolate välipalapatukka 6x25g, Unit Price: 2,35 €, Comparison Price: 15,67 €/kg
Product: Kotimaista Välipalakeksi tumma suklaa 10 x 30g, Unit Price: 2,89 €, Comparison Price: 9,63 €/kg
Product: Elovena 10x30g banaani-suklaa täysjyvä välipalakeksi 100% kauraa, Unit Price: 3,45 €, Comparison Price: 11,50 €/kg
Product: Elovena 6x30g karpalo-vadelma-mustikka pehmeä kaurapatukka, Unit Price: 2,99 €, Comparison Price: 16,61 €/kg
Product: Elovena 10x30g karpalo-kinuski täysjyvä välipalakeksi 100% kauraa, Unit Price: 3,19 €, Comparison Price: 10,63 €/kg
Product: Corny Salted Caramel välipalapatukka 6x23g, Unit Price: 2,35 €, Comparison Price: 17,03 €/kg
Product: Rainbow välipalakeksi jogurttitäytteellä 200 g, Unit Price: 1,25 €, Comparison Price: 6,25 €/kg
Product: Elovena 6x30g tumma suklaa pehmeä kaurapatukka, Unit Price: 2,99 €, Comparison Price: 16,61 €/kg
Product: Corny Chocolate-Banana välipalapatukka 6x25g, Unit Price: 2,35 €, Comparison Price: 15,67 €/kg
Product: Elovena 10x30g mustikka-valkosuklaa täysjyvä välipalakeksi 100% kauraa, Unit Price: 3,19 €, Comparison Price: 10,63 €/kg
Product: Corny Peanut Sweet & Salty välipalapatukka 6x25g, Unit Price: 2,35 €, Comparison Price: 15,67 €/kg
Product: Xtra voileipäkeksi 400 g, Unit Price: 0,89 €, Comparison Price: 2,23 €/kg
Product: Elovena 6x30g valkosuklaa-mansikka pehmeä kaurapatukka, Unit Price: 2,99 €, Comparison Price: 16,61 €/kg
Product: Carr´s 125 g Table Water Bite Size juustokeksi, Unit Price: 1,85 €, Comparison Price: 14,80 €/kg
Product: Elovena 10x30g kaura-hedelmä täysjyvä välipalakeksi 100% kauraa, Unit Price: 3,45 €, Comparison Price: 11,50 €/kg
Product: Elovena 10x30g appelsiini-suklaa täysjyvä välipalakeksi 100% kauraa, Unit Price: 3,45 €, Comparison Price: 11,50 €/kg
Product: M-Pets Natura Trio Wand kissan onkilelu, Unit Price: 2,45 €, Comparison Price: 
Product: Elovena 10x30g uuniomena-toffee välipalakeksi 100% kauraa, Unit Price: 3,45 €, Comparison Price: 11,50 €/kg
Product: Bolsius True Scents – tuoksukynttilä lasissa – Granaattiomena – punainen – pieni, Unit Price: 2,55 €, Comparison Price: 
Product: Elovena 10x30g mansikka-raparperi täysjyvä välipalakeksi 100% kauraa, Unit Price: 3,45 €, Comparison Price: 11,50 €/kg
Product: Elovena 6x30g korvapuustinmakuinen pehmeä kaurapatukka, Unit Price: 2,99 €, Comparison Price: 16,61 €/kg
Product: Xtra 126g myslipatukka suklaa 6 kpl, Unit Price: 0,95 €, Comparison Price: 7,54 €/kg
Product: Rainbow jogurtti-mansikkamyslipatukka 180 g, Unit Price: 2,09 €, Comparison Price: 11,61 €/kg
Product: Kantolan Ruis Cracker voileipäkeksi 225g, Unit Price: 1,69 €, Comparison Price: 7,51 €/kg
Product: Airam 3-osainen jatkojohto kytkimellä 1,5m, pinkki, Unit Price: 8,60 €, Comparison Price: 
Product: Leivon Herrasväenleipä vadelma 300g, Unit Price: 3,19 €, Comparison Price: 10,63 €/kg
Product: Piltti Luomu 190g Spaghetti bolognese lastenateria 1-3v, Unit Price: 1,55 €, Comparison Price: 8,16 €/kg
Product: Gelia jatkojohto 3m maadoitettu valkoinen, Unit Price: 6,95 €, Comparison Price: 
Product: L'Oréal Paris Studio Line Mineral&Control Invisi CleanGel ultravoimakas muotoilugeeli, 8/10 150ml, Unit Price: 4,49 €, Comparison Price: 29,93 €/l
Product: Rainbow ananasviipaleet ananasmehussa 340 g, Unit Price: 2,05 €, Comparison Price: 6,03 €/kg
Product: Bolsius tuoksulämpökynttilät pack8 8hours vanilla, Unit Price: 4,65 €, Comparison Price: 0,58 €/kpl
Product: Mutti triplakonsentroitu tomaattipyree 185g, Unit Price: 1,75 €, Comparison Price: 9,46 €/kg
Product: McLean Kantokahvasäkki 150L, 760x1250, 8kpl/rll, Unit Price: 3,35 €, Comparison Price: 0,42 €/kpl
Product: Frödinge prinsessakakku pakaste 480g, Unit Price: 8,25 €, Comparison Price: 17,19 €/kg
Product: L'Oréal Paris Studio Line Remix Fiber Paste muotoilutahna, 7/10 150ml, Unit Price: 4,49 €, Comparison Price: 29,93 €/l
Product: Lipton  Musta tee  Yellow Label  240g 120p, Unit Price: 2,95 €, Comparison Price: 12,29 €/kg
Product: Apetit Kotimainen Luomu peruna-sipulisekoitus pakaste 750g, Unit Price: 2,35 €, Comparison Price: 3,13 €/kg
Product: Gelia jatkojohto 3-os maadoitettu 5m 3g1.5 valkoinen, Unit Price: 9,95 €, Comparison Price: 
Product: Laitilan Leipä Unelmakääretorttu 500 g Laktoositon, Maidoton Perinteisesti leivottu., Unit Price: 8,59 €, Comparison Price: 17,18 €/kg
Product: Juustoportti Vapaan lehmän AB-luonnonjogurtti 1 kg maustamaton laktoositon, Unit Price: 2,89 €, Comparison Price: 2,89 €/kg
Product: Schwarzkopf Taft Power hiusvaha 75 ml, Unit Price: 3,99 €, Comparison Price: 53,20 €/l
Product: Del Monte 560g Ananasviipale mehuss, Unit Price: 2,79 €, Comparison Price: 7,97 €/kg
Product: Abba Brantevikin sipuli-tillisilli 245/105g, Unit Price: 3,79 €, Comparison Price: 36,10 €/kg
Product: Boy tillisilli 575/250g, Unit Price: 4,69 €, Comparison Price: 18,76 €/kg
Product: Calvo tonnikala auringonkukkaöljyssä 3x65/52g, Unit Price: 1,59 €, Comparison Price: 10,19 €/kg
Product: Coop Kanakolmioleipä 150g, Unit Price: 1,58 €, Comparison Price: 10,53 €/kg
Product: Oululainen Reissumies Eväsleipä Klassikko 160g, täytetty täysjyväruisleipä kinkku-juusto-muna, Unit Price: 3,69 €, Comparison Price: 23,06 €/kg
Product: Coop Kinkku-juustokolmioleipä 150g, Unit Price: 1,58 €, Comparison Price: 10,53 €/kg
Product: Makula Kana-BBQ wrap 300g, Unit Price: 5,69 €, Comparison Price: 18,97 €/kg
Product: Makula 300g Kana-Caesar wrap, Unit Price: 5,69 €, Comparison Price: 18,97 €/kg
Product: Chef Lundén Kana-caesarpatonki 200g, Unit Price: 3,39 €, Comparison Price: 16,95 €/kg
Product: Coop Tonnikalakolmioleipä 150g, Unit Price: 1,58 €, Comparison Price: 10,53 €/kg
Product: Erittäin Hieno Suomalainen Mustikkahoitoaine 300ml, Unit Price: 1,79 €, Comparison Price: 5,97 €/l
Product: Oululainen Reissumies Eväsleipä Chilikana 135g, täytetty täysjyväruisleipä kana-pekoni-chili, Unit Price: 3,69 €, Comparison Price: 27,33 €/kg
Product: Makula KINKKU-JUUSTO CIABATTA 270g, Unit Price: 4,39 €, Comparison Price: 16,26 €/kg
Product: MAKULA Kana-caesarciabatta 250g, Unit Price: 4,39 €, Comparison Price: 17,56 €/kg
Product: Makula NAUDANPAISTI-JUUSTO TUMMAPATONKI 270g, Unit Price: 4,39 €, Comparison Price: 16,26 €/kg
Product: Makula Kana-Barbeque Sandwich 225 g, Unit Price: 4,15 €, Comparison Price: 18,44 €/kg
Product: Oululainen Reissumies Eväsleipä Tosi Tumma Savulohi 130g, täytetty täysjyväruisleipä lohi-punasipuli-remoulade, Unit Price: 3,69 €, Comparison Price: 28,38 €/kg
Product: Makula BLT Sandwich 215 g, Unit Price: 4,15 €, Comparison Price: 19,30 €/kg
Product: Makula Naudanpaisti-Cheddar Sandwich 210 g, Unit Price: 4,15 €, Comparison Price: 19,76 €/kg
Product: Coop Salamikolmioleipä 150g, Unit Price: 1,58 €, Comparison Price: 10,53 €/kg
Product: Oululainen Reissumies Eväsleipä Kaura Kana-teriyaki 153g, täytetty kauraleipä kana-teriyakimajoneesi-coleslaw, Unit Price: 3,69 €, Comparison Price: 24,12 €/kg
Product: Chef Lundén Chili-Delikaura™-kolmioleipä 150g, Unit Price: 2,09 €, Comparison Price: 13,93 €/kg
Product: Chef Lundén Kinkku-juustopatonki 200g, Unit Price: 3,39 €, Comparison Price: 16,95 €/kg
Product: Greendeli Kinkku Maxi Patonki 300 g, Unit Price: 4,19 €, Comparison Price: 13,97 €/kg
Product: Chef Lundén Kana-pekoni wrap 200g, Unit Price: 3,75 €, Comparison Price: 18,75 €/kg
Product: Fresh Hetki Arki Kana patonki 160 g, Unit Price: 3,69 €, Comparison Price: 23,06 €/kg
Product: Coop Kinkkukolmioleipä 150g, Unit Price: 1,58 €, Comparison Price: 10,53 €/kg
Product: Fresh Hetki Arki Tonnikalapatonki 160g, Unit Price: 3,69 €, Comparison Price: 23,06 €/kg
Product: Bolsius tuoksukynttilät 95/95 vanilla, Unit Price: 5,95 €, Comparison Price: 
Product: Piltti 190g Perunasosejauhelihalaatikko lastenateria 1-3v, Unit Price: 1,35 €, Comparison Price: 7,11 €/kg
Product: Doritos flaming hot nacho maustettu maissilastu 170g, Unit Price: 2,59 €, Comparison Price: 15,24 €/kg
Product: McLean-Home Vahva jätesäkki, sininen LDPE, 250L, 5kpl/rll, Unit Price: 2,29 €, Comparison Price: 0,46 €/kpl
Product: KOFF Perinnekalja olut 2,2 % muovipullo 1,25 L, Unit Price: 3,99 €, Comparison Price: 2,87 €/l
Product: Ukko-Pekka kotikaljan makuinen hiilihapollinen juoma 1,5 l, Unit Price: 3,22 €, Comparison Price: 1,88 €/l
Product: Tuoppi Kotikalja gluteeniton 0,75 L, Unit Price: 3,32 €, Comparison Price: 4,16 €/l
Product: Tuoppi Kotikalja gluteeniton 1,5l, Unit Price: 4,72 €, Comparison Price: 2,88 €/l
Product: Tuoppi Kotikalja mallasjuomauute 3x35g, Unit Price: 1,99 €, Comparison Price: 18,95 €/kg
Product: Bonne Kotikalja mallasuute 0,5L, Unit Price: 1,69 €, Comparison Price: 3,38 €/l
Product: Rainbow lattiaharjasetti 248/218, Unit Price: 9,95 €, Comparison Price: 
Product: Sini Yleismoppi 40cm, Unit Price: 11,50 €, Comparison Price: 
Product: SINI Staattinen Liina 45x29cm, Unit Price: 5,69 €, Comparison Price: 0,36 €/kpl
Product: Sini rikkasetti, Unit Price: 23,95 €, Comparison Price: 
Product: Rainbow rikkasetti, Unit Price: 2,95 €, Comparison Price: 
Product: Xtra rikkasetti, Unit Price: 2,39 €, Comparison Price: 
Product: Swiffer pölyliina 20kpl, Unit Price: 5,95 €, Comparison Price: 0,30 €/kpl
Product: Rainbow Lattialiina 48 x 60 cm, 2 kpl, Unit Price: 2,19 €, Comparison Price: 1,10 €/kpl
Product: Rainbow moppiliina mikrokuitu, Unit Price: 3,39 €, Comparison Price: 
Product: Rainbow moppisetti, Unit Price: 12,95 €, Comparison Price: 
Product: Sini Monitoimimoppisetti, Unit Price: 36,95 €, Comparison Price: 
Product: Sini mikrokuitu lattialiina 50x55cm, Unit Price: 8,95 €, Comparison Price: 
Product: York Classic moppisetti, Unit Price: 9,50 €, Comparison Price: 
Product: York Classic vaihtomoppiliina, Unit Price: 3,19 €, Comparison Price: 
Product: Smart Microfiber suuri rikkalapiosarja FSC-puuta, Unit Price: 19,95 €, Comparison Price: 
Product: Sini pölyliina laminaatille 43x29cm 20kpl, Unit Price: 5,95 €, Comparison Price: 0,30 €/kpl
Product: SINI Parkettimoppi, Unit Price: 12,89 €, Comparison Price: 
Product: Smart Rikkasetti pieni, Unit Price: 6,39 €, Comparison Price: 
Product: Sini Kostea moppiliina 12 kpl hajustettu, Unit Price: 9,95 €, Comparison Price: 
Product: Vileda UltraMax levykehysmoppi, Unit Price: 24,95 €, Comparison Price: 
Product: Vileda Turbo Smart poljinsanko-moppisetti, Unit Price: 38,90 €, Comparison Price: 
Product: Sini Putsari + teleskooppivarsi, Unit Price: 28,90 €, Comparison Price: 
Product: Vileda SuperMocio 3Action liuskamoppi, Unit Price: 13,89 €, Comparison Price: 
Product: Swiffer Floor Starter Kit (varsi ja 8 kuivaa+3 kosteaa pöly-/puhdistusliinaa), Unit Price: 16,95 €, Comparison Price: 
Product: Santa Maria 350g Taco Sauce medium, Unit Price: 3,25 €, Comparison Price: 9,29 €/kg
Product: Chiavazza ”00” Pizzajauho 1kg, Unit Price: 1,99 €, Comparison Price: 1,99 €/kg
Product: Molino Spadoni Gran Mugnaio 1kg pizzajauho, Unit Price: 2,49 €, Comparison Price: 2,49 €/kg
Product: Kotimaista 250g ohukais- ja vohvelijauhe, Unit Price: 1,29 €, Comparison Price: 5,16 €/kg
Product: Semper Gluteeniton Hieno Jauhoseos 500g, Unit Price: 3,49 €, Comparison Price: 6,98 €/kg
Product: Fazer Leipurit Suomalainen 00-vehnäjauho 900 g, Unit Price: 3,49 €, Comparison Price: 3,88 €/kg
Product: Sunnuntai 300g ohukais- ja vohvelijauhe, Unit Price: 2,15 €, Comparison Price: 7,17 €/kg
Product: Kotimaista sämpyläjauho 2 kg, Unit Price: 1,89 €, Comparison Price: 0,95 €/kg
Product: 750g Hungry Chef Pizzajauho, 00-vehnäjauhoja, Unit Price: 2,89 €, Comparison Price: 3,85 €/kg
Product: Myllärin Luomu Lettu- ja Vohvelijauho 250 g, Unit Price: 1,59 €, Comparison Price: 6,36 €/kg
Product: Kotimaista gluteeniton jauhoseos 1 kg, Unit Price: 4,85 €, Comparison Price: 4,85 €/kg
Product: Myllärin Pinaattilettujauho 300 g, Unit Price: 1,75 €, Comparison Price: 5,83 €/kg
Product: Myllyn Paras Pizzajauho 1 kg, Unit Price: 2,49 €, Comparison Price: 2,49 €/kg
Product: Sunnuntai 1kg gluteeniton jauhoseos, Unit Price: 5,49 €, Comparison Price: 5,49 €/kg
Product: Myllyn Paras Lettu- ja vohvelijauho 250g, Unit Price: 1,45 €, Comparison Price: 5,80 €/kg
Product: 350g Hungry Chef New Orleans Pannukakku Mix, Unit Price: 3,95 €, Comparison Price: 11,29 €/kg
Product: 1kg Hungry Chef Pizzajauho Nascosto Professional "00", Unit Price: 3,09 €, Comparison Price: 3,09 €/kg
Product: Myllyn Paras Pinaattilettujauho 250g, Unit Price: 1,45 €, Comparison Price: 5,80 €/kg
Product: Sunnuntai 250g lettu- ja vohvelijauhe 100% kauraa, Unit Price: 2,15 €, Comparison Price: 8,60 €/kg
Product: Myllärin Lettu- ja Pannukakkujauho 1 kg, Unit Price: 2,79 €, Comparison Price: 2,79 €/kg
Product: Myllyn Paras Karamellilettujauho 250g, Unit Price: 1,45 €, Comparison Price: 5,80 €/kg
Product: Myllyn Paras Porkkanalettujauho 250g, Unit Price: 1,45 €, Comparison Price: 5,80 €/kg
Product: Virtasalmen Viljatuote Vaalea gluteeniton jauhoseos 500g, Unit Price: 3,29 €, Comparison Price: 6,58 €/kg
Product: Foodin Kikhernejauho luomu 350g, Unit Price: 2,49 €, Comparison Price: 7,11 €/kg
Product: Myllärin Hiivaleipäjauho 2 kg, Unit Price: 2,39 €, Comparison Price: 1,20 €/kg
Product: 20x1,75g Teekanne Inkivääri sitruuna yrttihauduke, pussitee, Unit Price: 2,70 €, Comparison Price: 77,14 €/kg
Product: Amona maapähkinävoi smooth 350g, Unit Price: 3,85 €, Comparison Price: 11,00 €/kg
Product: Barilla Fusilli No98 durum wheat pasta 500g, Unit Price: 1,85 €, Comparison Price: 3,70 €/kg
Product: L'Oréal Paris Elvital Color-Vive Hoitoaine värjätyille ja raidoitetuille hiuksille 300ml, Unit Price: 3,99 €, Comparison Price: 13,30 €/l
Product: Nordqvist Seikkailu 33g pussitee lajitelmapakkaus, Unit Price: 2,95 €, Comparison Price: 89,39 €/kg
Product: Ulkokynttilä ämpärissä w/lid 20 h sininen, Unit Price: 9,50 €, Comparison Price: 
Product: Argal Salchichón Regio Makkarasiivuja 100g, Unit Price: 2,19 €, Comparison Price: 21,90 €/kg
Product: Zefal Z cross AL pyöränpumppu, Unit Price: 17,95 €, Comparison Price: 
Product: Furlotti Bresaola 80g, Unit Price: 5,69 €, Comparison Price: 71,13 €/kg
Product: Schwarzkopf Taft Extreme Freezing geeli 300 ml, Unit Price: 3,99 €, Comparison Price: 13,30 €/l
Product: Xtra omenamehu 1l, Unit Price: 0,85 €, Comparison Price: 0,85 €/l
Product: God Morgon Selected Citrus Veriappelsiinitäysmehu 1 L, Unit Price: 3,60 €, Comparison Price: 3,60 €/l
Product: God Morgon Classic Appelsiini-verigreippi täysmehu 100% 1 L, Unit Price: 3,49 €, Comparison Price: 3,49 €/l
Product: God Morgon Selected Blend Mango-passion täysmehu 1 L, Unit Price: 2,99 €, Comparison Price: 2,99 €/l
Product: 10 x Coop päärynäjuoma 2dl, Unit Price: 2,99 €, Comparison Price: 1,50 €/l
Product: Valio 3 hedelmän mehu 1 l (rypäle, appelsiini, passiohedelmä), Unit Price: 2,49 €, Comparison Price: 2,49 €/l
Product: Valio Hedelmätarha® hedelmä-mandariinitäysmehu 1 l hedelmälihaa, Unit Price: 2,59 €, Comparison Price: 2,59 €/l
Product: Valio Hedelmätarha® Tropiikki täysmehu 1 l hedelmälihaa, Unit Price: 2,59 €, Comparison Price: 2,59 €/l
Product: God Morgon Classic Trooppinen täysmehu 1 L, Unit Price: 2,89 €, Comparison Price: 2,89 €/l
Product: Sicilia Sitruunatäysmehu makeuttamaton 115ml, Unit Price: 1,05 €, Comparison Price: 9,13 €/l
Product: Xtra sitruunamehu 200 ml, Unit Price: 0,75 €, Comparison Price: 3,75 €/l
Product: Coop päärynäjuoma 2dl, Unit Price: 0,45 €, Comparison Price: 2,25 €/l
Product: Marli Juissi Sekamehujuoma 1 L, Unit Price: 1,45 €, Comparison Price: 1,45 €/l
Product: Juustoportti Hyvin mehu 2 dl päärynä, Unit Price: 0,65 €, Comparison Price: 3,25 €/l
Product: Mehukatti TRIP Päärynäjuoma 2dl 3-pack, Unit Price: 1,39 €, Comparison Price: 2,32 €/l
Product: Valio 3 hedelmän mehu 1,5 l (rypäle, appelsiini, passiohedelmä), Unit Price: 3,70 €, Comparison Price: 2,47 €/l
Product: God Morgon Fruit Crush Appelsiini & mango mehujuoma 1 L, Unit Price: 2,55 €, Comparison Price: 2,55 €/l
Product: God Morgon Fruit Crush Omena & raparperi mehujuoma 1 L, Unit Price: 2,55 €, Comparison Price: 2,55 €/l
Product: Coop appelsiini-mandariinitäysmehu + C 1 l, Unit Price: 2,25 €, Comparison Price: 2,25 €/l
Product: Marli Natur Neljä Hedelmää täysmehu 1 L, Unit Price: 2,95 €, Comparison Price: 2,95 €/l
Product: Valio Hedelmätarha® omena-mangomehu 1 l, Unit Price: 2,59 €, Comparison Price: 2,59 €/l
Product: Valio ananastäysmehu 1 l, Unit Price: 2,65 €, Comparison Price: 2,65 €/l
Product: Sicilia Limettitäysmehu 200ml makeuttamaton, Unit Price: 1,65 €, Comparison Price: 8,25 €/l
Product: Marli Juissi Päärynämehujuoma 1 L, Unit Price: 1,45 €, Comparison Price: 1,45 €/l
Product: Delisana Soft Cakes pehmeä leivoskeksi appelsiini 135g, Unit Price: 1,09 €, Comparison Price: 8,07 €/kg
Product: Juustoportti AB-jogurtti 1 kg rasvaton maustamaton laktoositon, Unit Price: 2,79 €, Comparison Price: 2,79 €/kg
Product: Bolsius tuoksulämpökynttilät pack18 magnolia, Unit Price: 2,65 €, Comparison Price: 0,15 €/kpl
Product: Myllyn Paras Filotaikina 500g, Unit Price: 4,25 €, Comparison Price: 8,50 €/kg
Product: Herkku ravunpyrstö Hot Aioli 140 g, Unit Price: 3,98 €, Comparison Price: 28,43 €/kg
Product: Abba ruohosipuli- ja tillisilli 215g, Unit Price: 1,89 €, Comparison Price: 9,00 €/kg
Product: Xtra kamomillatee 20 x 1,25 g, Unit Price: 0,65 €, Comparison Price: 26,00 €/kg
Product: Rainbow seesamiöljy paahdettu 250ml, Unit Price: 4,29 €, Comparison Price: 17,16 €/l
Product: Kikkoman 125ml paahdettu seesamiöljy, Unit Price: 3,59 €, Comparison Price: 28,72 €/l
Product: Änglamark neitsytkookosöljy luomu 200 ml, Unit Price: 2,10 €, Comparison Price: 10,50 €/l
Product: Impolan Kasvitilan kylmäpuristettu camelinaöljy 250 ml, Unit Price: 9,59 €, Comparison Price: 38,36 €/l
Product: Rainbow avokadoöljy 250ml, Unit Price: 4,59 €, Comparison Price: 18,36 €/l
Product: Keiju Vuokaspray 400 ml, Unit Price: 5,39 €, Comparison Price: 13,47 €/l
Product: Elixi Pellavansiemenöljy 250 ml kylmäpuristettu, Unit Price: 5,99 €, Comparison Price: 23,96 €/l
Product: Änglamark kookosöljy neutral luomu 450 ml, Unit Price: 4,99 €, Comparison Price: 11,09 €/l
Product: Olivado Extra Virgin Avokadoöljy Sitruuna 250ml, Unit Price: 7,89 €, Comparison Price: 31,56 €/l
Product: URTEKRAM Luomu Kylmäpuristettu Seesamiöljy 500ml, Unit Price: 10,79 €, Comparison Price: 21,58 €/l
Product: Elixi Luomu Pellavansiemenöljy 250ml, Unit Price: 6,75 €, Comparison Price: 27,00 €/l
Product: Olivado Extra Virgin Avokadoöljy 250ml, Unit Price: 7,89 €, Comparison Price: 31,56 €/l
Product: URTEKRAM Luomu Paahdettu Seesamiöljy 250ml, Unit Price: 8,39 €, Comparison Price: 33,56 €/l
Product: Rainbow saksanpähkinäöljy 250ml, Unit Price: 3,79 €, Comparison Price: 15,16 €/l
Product: Olivado Extra Virgin Macadamiaöljy 250ml, Unit Price: 7,95 €, Comparison Price: 31,80 €/l
Product: Green Choice Luomu kookosöljy neutraalinmakuinen 400g, Unit Price: 4,99 €, Comparison Price: 12,48 €/kg
Product: Filos neitsytseesamiöljy 250 ml, Unit Price: 7,39 €, Comparison Price: 29,56 €/l
Product: URTEKRAM Luomu Neutraalinmakuinen Kookosöljy 480ml, Unit Price: 8,39 €, Comparison Price: 17,48 €/l
Product: Steirerkraft Kurpitsansiemenöljy 250ml, Unit Price: 8,69 €, Comparison Price: 34,76 €/l
Product: Foodin Neitsytkookosöljy, kylmäpuristettu, Luomu, 400ml, Unit Price: 6,45 €, Comparison Price: 16,13 €/l
Product: URTEKRAM Luomu Reilu kauppa Kylmäpuristettu Kookosöljy 480ml, Unit Price: 7,95 €, Comparison Price: 16,56 €/l
Product: Impolan Kasvitilan kylmäpuristettu hampunsiemenöljy 250 ml, Unit Price: 9,20 €, Comparison Price: 36,80 €/l
Product: Cauvin 50cl viinirypälesiemenöljy, Unit Price: 7,49 €, Comparison Price: 14,98 €/l
Product: Coop paahdettu seesamiöljy 250 ml, Unit Price: 4,29 €, Comparison Price: 
Product: Muurikka grillaus- ja savustuskori 20x32cm, Unit Price: 9,95 €, Comparison Price: 
Product: Skippy Creamy Maapähkinävoi 340g, Unit Price: 2,50 €, Comparison Price: 7,35 €/kg
Product: XZ 200ml Kauraöljy hoitoaine, Unit Price: 2,89 €, Comparison Price: 14,45 €/l
Product: Lipton  Musta tee  Yellow Label  200g 100p, Unit Price: 4,89 €, Comparison Price: 24,45 €/kg
Product: Laitilan Kanatarha Isoja luomukananmunia L6 408g, Unit Price: 3,85 €, Comparison Price: 9,44 €/kg
Product: Spen cocktailtikku 1000kpl 1572, Unit Price: 2,49 €, Comparison Price: 0,01 €/kpl
Product: Spen grillitikkuja 30cm 100kpl, Unit Price: 0,99 €, Comparison Price: 0,01 €/kpl
Product: Spen grillitikkuja 40cm 50kpl, Unit Price: 0,99 €, Comparison Price: 0,02 €/kpl
Product: Spen hampurilaistikku 11cm 50kpl, Unit Price: 0,89 €, Comparison Price: 0,02 €/kpl
Product: Spen paperi pilli 25 kpl 6x200 mm, Unit Price: 0,85 €, Comparison Price: 0,03 €/kpl
Product: Spen paperipilli 25 kpl 8x240mm värilajitelma, Unit Price: 1,19 €, Comparison Price: 0,05 €/kpl
Product: Spen annoskoriste aurinkovarjo 10 kpl, Unit Price: 0,85 €, Comparison Price: 0,09 €/kpl
Product: Toothpicks fruits, Unit Price: 2,35 €, Comparison Price: 0,10 €/kpl
Product: Spen Kakkupaperi 3 laj. 22/26/30cm valkoinen12kpl, Unit Price: 1,19 €, Comparison Price: 0,10 €/kpl
Product: Spen annoskoriste kukka 10 kpl, Unit Price: 0,85 €, Comparison Price: 0,09 €/kpl
Product: Spen paperipilli taipuva 6 X 240 mm 25 kpl, Unit Price: 0,95 €, Comparison Price: 0,04 €/kpl
Product: Duni 28cm valkoinen pyöreä kakkualusta 6kpl x 52, Unit Price: 0,50 €, Comparison Price: 0,08 €/kpl
Product: Spen kakkualunen 32cm 2kpl kulta ja hopea, Unit Price: 1,95 €, Comparison Price: 0,98 €/kpl
Product: Spen Kakkualusta 25cm kulta ja hopea 2 kpl, Unit Price: 1,49 €, Comparison Price: 0,75 €/kpl
Product: Spen jälkiruokapikari + lusikat 8kpl, Unit Price: 1,95 €, Comparison Price: 0,24 €/kpl
Product: Duni 25kpl 15cm Cocktail paperipillilajitelma x 20, Unit Price: 1,89 €, Comparison Price: 0,08 €/kpl
Product: Duni 36cm valkoinen pyöreä reikäkuvioitu kakkupaperi 6kpl x 30, Unit Price: 1,69 €, Comparison Price: 0,28 €/kpl
Product: Spen popcorn rasia taiteltava 4kpl, Unit Price: 1,55 €, Comparison Price: 0,39 €/kpl
Product: Spen jäätelöpikari + lusikat 10kpl, Unit Price: 1,35 €, Comparison Price: 0,14 €/kpl
Product: Kakkualusta 16x34cm 2kpl kulta/hopea, Unit Price: 1,49 €, Comparison Price: 0,75 €/kpl
Product: Spen mehupilli bambua 8x200mm 10kpl, Unit Price: 1,45 €, Comparison Price: 0,14 €/kpl
Product: Spen Kakkualusta 22cm kulta ja hopea 2 kpl, Unit Price: 1,39 €, Comparison Price: 0,70 €/kpl
Product: Moomin Sirkusmuumi paperipilli 197x6mm 24kpl, Unit Price: 1,75 €, Comparison Price: 0,07 €/kpl
Product: Moomin Sirkusmuumi lahjapussi 10kpl, Unit Price: 3,35 €, Comparison Price: 0,34 €/kpl
Product: Pekan Leipä Mustikkapiirakka 2kpl 220g, Unit Price: 4,65 €, Comparison Price: 21,14 €/kg
Product: Fazer Mustikkarahkapiirakka 2kpl 140g, Unit Price: 2,15 €, Comparison Price: 15,36 €/kg
Product: Fazer Vadelma-mustikkapiirakka 2kpl 140g, Unit Price: 2,15 €, Comparison Price: 15,36 €/kg
Product: Pekan Leipä Puolukkapiirakka 2kpl 220g, Unit Price: 4,40 €, Comparison Price: 20,00 €/kg
Product: Pekan Leipä Rahkapiirakka sitruunainen 2kpl 220g, Unit Price: 4,50 €, Comparison Price: 20,45 €/kg
Product: Fazer Mansikka-karviaispiirakka 2kpl 140g, Unit Price: 2,15 €, Comparison Price: 15,36 €/kg
Product: Fazer Mustikkasydän 320g, marjapiiras, Unit Price: 4,25 €, Comparison Price: 13,28 €/kg
Product: Pekan Leipä Raparperipiirakka 2kpl 220g, Unit Price: 4,65 €, Comparison Price: 21,14 €/kg
Product: Fazer Kuningatarsydän 320g, marjapiiras, Unit Price: 4,25 €, Comparison Price: 13,28 €/kg
Product: Elonen Omena-kanelipiirakka 250g, Unit Price: 3,59 €, Comparison Price: 14,36 €/kg
Product: Kartanon Leipä Mustikkalevypiirakka 430g, Unit Price: 10,50 €, Comparison Price: 24,42 €/kg
Product: Riitan Herkku Omenavaniljapiirakka 440g, Unit Price: 4,95 €, Comparison Price: 11,25 €/kg
Product: Riitan Herkku 440g Kuningatarpiirakka, Unit Price: 4,95 €, Comparison Price: 11,25 €/kg
Product: Elonen Piiras Aprikoosi-suklaa 350g, Unit Price: 4,45 €, Comparison Price: 12,71 €/kg
Product: Serla Silkinpehmeä nenäliina 70kpl, Unit Price: 2,19 €, Comparison Price: 0,03 €/kpl
Product: Moomin Arabia Finland Muumi lautanen 19cm Marjassa, Unit Price: 23,50 €, Comparison Price: 
Product: Iittala Teema lautanen 21cm valkoinen, Unit Price: 14,90 €, Comparison Price: 
Product: Iittala Teema lautanen 17 cm, valkoinen, Unit Price: 12,50 €, Comparison Price: 
Product: Iittala Teema lautanen 26 cm, valkoinen, Unit Price: 16,50 €, Comparison Price: 
Product: House talouspaperiteline 33 cm, Unit Price: 5,95 €, Comparison Price: 
Product: Finlayson Mittava lautanen 20cm, Unit Price: 6,50 €, Comparison Price: 
Product: House aterinteline 13x14,5 cm, Unit Price: 5,95 €, Comparison Price: 
Product: House viinipulloteline 21x17x35,5 cm, Unit Price: 4,00 €, Comparison Price: 
Product: Iittala Teema lautanen 23cm valkoinen, Unit Price: 14,90 €, Comparison Price: 
Product: House lautanen Lara 33 cm, Unit Price: 9,95 €, Comparison Price: 
Product: Iittala Teema lautanen 21 cm hunaja, Unit Price: 14,90 €, Comparison Price: 
Product: House kakkuvati Lara 33 cm, Unit Price: 13,50 €, Comparison Price: 
Product: Arabia lautanen Pastoraali 24cm, Unit Price: 21,90 €, Comparison Price: 
Product: Arabia lautanen Paratiisi 26cm, Unit Price: 38,50 €, Comparison Price: 
Product: House lautanen Isla 21 cm, Unit Price: 5,50 €, Comparison Price: 
Product: Iittala Teema lautanen 17cm musta, Unit Price: 12,50 €, Comparison Price: 
Product: Arabia lautanen Pastoraali 19cm, Unit Price: 17,50 €, Comparison Price: 
Product: Arabia lautanen Paratiisi 21cm, Unit Price: 32,50 €, Comparison Price: 
Product: House lautanen Lara 28 cm, Unit Price: 7,95 €, Comparison Price: 
Product: Arabia lautanen 24h 26cm, Unit Price: 21,50 €, Comparison Price: 
Product: House mausteteline 22,4x10,4x19,4 cm, Unit Price: 7,90 €, Comparison Price: 
Product: GastroMax lautanen 23 cm bio-muovi, Unit Price: 4,50 €, Comparison Price: 
Product: Iittala Teema lautanen 15cm valkoinen, Unit Price: 12,50 €, Comparison Price: 
Product: Iittala Teema lautanen 17cm helmenharmaa, Unit Price: 12,50 €, Comparison Price: 
Product: Rainbow jätesäkki musta 75l 15kpl, Unit Price: 2,95 €, Comparison Price: 0,20 €/kpl
Product: Makrobios Vahva Rauta 100mg+ C vitamiini 60 tablettia 30g, Unit Price: 5,95 €, Comparison Price: 0,10 €/kpl
Product: Friggs Rauta+C-vitamiini mustaherukan makuinen poretabletti 20kpl, Unit Price: 2,30 €, Comparison Price: 0,12 €/kpl
Product: Salus Blutsaft Floradix rautaa ja vitamiineja täysmehu-yrttiuutoksessa 500ml, Unit Price: 22,80 €, Comparison Price: 45,60 €/l
Product: Salus Blutsaft Floravital rautaa ja vitamiineja täysmehu-yrttiuutoksessa 250ml, Unit Price: 14,45 €, Comparison Price: 57,80 €/l
Product: Ferroforte B + C rautasitraatti-vitamiinitabletti 120 tabl, Unit Price: 7,09 €, Comparison Price: 0,06 €/kpl
Product: Sana-sol Fe-Energy rauta mustaherukanmakuinen rauta-vitamiiniporetabletti 20kpl, Unit Price: 3,19 €, Comparison Price: 0,16 €/kpl
Product: Extra vahva rauta 100 mg 100 tabl, Rauta-C-vitamiinitabletti, Vitabalans, Unit Price: 9,95 €, Comparison Price: 0,10 €/kpl
Product: Ferroforte B + C vahva nestemäinen rauta-vitamiinivalmiste 500 ml, Unit Price: 11,95 €, Comparison Price: 23,90 €/l
Product: Sana-sol Rauta+C-vitamiini appelsiininmakuinen purutabletti ravintolisä 90tabl, Unit Price: 8,59 €, Comparison Price: 0,10 €/kpl
Product: Puhdistamo Tripla Rauta 60 kaps., Unit Price: 19,90 €, Comparison Price: 0,33 €/kpl
Product: Ferroforte B + C nestemäinen rauta-vitamiinivalmiste 250 ml, Unit Price: 7,20 €, Comparison Price: 28,80 €/l
Product: Sana-sol vahva rauta 50 mg + C-vitamiini ravintolisä 150 tabl / 84 g, Unit Price: 9,49 €, Comparison Price: 0,06 €/kpl
Product: Salus Blutsaft Floravital rautaa ja vitamiineja täysmehu-yrttiuutoksessa 500ml, Unit Price: 22,80 €, Comparison Price: 45,60 €/l
Product: Vida ravintolisävalimiste Rauta 50 mg pitkävaikutteinen 90 tablettia/ 39 g, Unit Price: 9,95 €, Comparison Price: 0,11 €/kpl
Product: Nogel Rautasiirappi, appelsiini & päärynä, 50 mg/15 ml, 250 ml, Unit Price: 18,90 €, Comparison Price: 75,60 €/l
Product: Nogel Lasten rautasiirappi, appelsiini & päärynä, 25 mg/10 ml, 250 ml, Unit Price: 17,90 €, Comparison Price: 71,60 €/l
Product: Nogel Superrauta, acerola-kirsikka, 60 mg, 70 tbl, Unit Price: 19,90 €, Comparison Price: 0,28 €/kpl
Product: Lumene Sheer Finish Irtopuuteri Translucent 8 g, Unit Price: 18,90 €, Comparison Price: 3150,00 €/kg
Product: essence all about matt! fixing compact powder kivipuuteri 8 g, Unit Price: 3,69 €, Comparison Price: 461,25 €/kg
Product: Rimmel 14g Stay Matte Pressed Powder 001 Transparent kivipuuteri, Unit Price: 7,90 €, Comparison Price: 
Product: essence mattifying kivipuuteri 12g, Unit Price: 3,39 €, Comparison Price: 282,50 €/kg
Product: Lumene CC Color Correcting Puuteri 1 10g, Unit Price: 19,80 €, Comparison Price: 1980,00 €/kg
Product: essence BRIGHTEN UP! banana powder puuteri 9 g, Unit Price: 3,69 €, Comparison Price: 410,00 €/kg
Product: Rimmel 14g Stay Matte Pressed Powder 004 Sandstorm kivipuuteri, Unit Price: 7,90 €, Comparison Price: 564,29 €/kg
Product: Lumene Blur Meikkipuuteri SK15 3 10g, Unit Price: 19,80 €, Comparison Price: 1980,00 €/kg
Product: Lumene Natural Glow Aurinkopuuteri 2 Arctic Sun 10g, Unit Price: 16,90 €, Comparison Price: 1690,00 €/kg
Product: MUA Make Up Academy Professional Loose Powder 18 g Invisible Silk irtopuuteri, Unit Price: 6,55 €, Comparison Price: 
Product: MUA Make Up Academy Pro Base Full Coverage Matte Pressed Powder 6,5 g 110 kivipuuteri, Unit Price: 5,15 €, Comparison Price: 
Product: Lumene Blur Meikkipuuteri SK15 2 10g, Unit Price: 19,80 €, Comparison Price: 1980,00 €/kg
Product: Lumene Stay Luminous Matte Puuteri 0 10g, Unit Price: 16,90 €, Comparison Price: 1690,00 €/kg
Product: Lumene Stay Luminous Matte Puuteri 2 10g, Unit Price: 16,90 €, Comparison Price: 1690,00 €/kg
Product: Lumene Natural Glow Aurinkopuuteri 1 Arctic Summer 10g, Unit Price: 16,90 €, Comparison Price: 1690,00 €/kg
Product: Lumene CC Color Correcting Puuteri 2 10g, Unit Price: 19,80 €, Comparison Price: 1980,00 €/kg
Product: MUA Make Up Academy Bronzed Matte Bronzing Powder 13 g Solar 100 aurinkopuuteri, Unit Price: 5,15 €, Comparison Price: 
Product: Lumene Blur Meikkipuuteri SK15 0 10g, Unit Price: 19,80 €, Comparison Price: 1980,00 €/kg
Product: essence mattifying compact kivipuuteri 12g, Unit Price: 3,39 €, Comparison Price: 282,50 €/kg
Product: MUA Make Up Academy Pressed Powder 5,7g Translucent kivipuuteri, Unit Price: 2,15 €, Comparison Price: 
Product: MUA Make Up Academy Pro Base Full Coverage Matte Pressed Powder 6,5 g 120 kivipuuteri, Unit Price: 5,15 €, Comparison Price: 
Product: Maybelline New York Lasting Fix Loose Setting Powder All Day Matte Finish -irtopuuteri 6g, Unit Price: 12,55 €, Comparison Price: 
Product: Rimmel 14g Stay Matte Pressed Powder 005 Silky Beige kivipuuteri, Unit Price: 7,90 €, Comparison Price: 
Product: Physicians Formula Murumuru butter bronzer aurinkopuuteri 11g, Unit Price: 22,90 €, Comparison Price: 2081,82 €/kg
Product: Gelia jatkojohto 6+2 kombi 3m 6xsuko+2xUSB-A kytkin valkoinen, Unit Price: 19,95 €, Comparison Price: 
Product: Kuorttisen Luomukanala luomu kananmuna m/l, Unit Price: 0,44 €, Comparison Price: 7,25 €/kg
Product: Juustoportti Hyvin jogurtti 1 kg ananas laktoositon, Unit Price: 2,99 €, Comparison Price: 2,99 €/kg
Product: Felix tomaattipyree 300g, Unit Price: 3,05 €, Comparison Price: 10,17 €/kg
Product: Coop vadelmahillo 370 g, Unit Price: 2,05 €, Comparison Price: 5,54 €/kg
Product: Dronningholm Vadelmahillo 1kg, Unit Price: 5,85 €, Comparison Price: 5,85 €/kg
Product: Saarioinen Vadelmahillo 500g, Unit Price: 4,79 €, Comparison Price: 9,58 €/kg
Product: Dronningholm Vadelmahillo 440g, Unit Price: 3,99 €, Comparison Price: 9,07 €/kg
Product: Meritalo Suomalainen Vadelmahillo 300g, Unit Price: 3,99 €, Comparison Price: 13,30 €/kg
Product: Saarioinen Vadelmahillo vähemmän sokeria 320g, Unit Price: 3,59 €, Comparison Price: 11,22 €/kg
Product: Xtra vadelmahillo 800 g, Unit Price: 4,15 €, Comparison Price: 5,19 €/kg
Product: Ekströms Vanhan ajan vadelmahillo 410g, Unit Price: 3,95 €, Comparison Price: 9,63 €/kg
Product: Saarioinen Vadelmahillo 800g, Unit Price: 6,65 €, Comparison Price: 8,31 €/kg
Product: Ekströms vadelmahillo 425g, Unit Price: 4,49 €, Comparison Price: 10,56 €/kg
Product: Coop vadelmahillo pullossa 400 g, Unit Price: 3,25 €, Comparison Price: 8,13 €/kg
Product: Fynbo Delight vadelmahillo - vähemmän sokeria 260g, Unit Price: 2,79 €, Comparison Price: 10,73 €/kg
Product: Den Gamle Fabrik enemmän marjaa vähemmän sokeria vadelmahillo 270g, Unit Price: 4,95 €, Comparison Price: 18,33 €/kg
Product: St. Dalfour Vadelmahillo 284g, Unit Price: 3,99 €, Comparison Price: 14,05 €/kg
Product: Rainbow vadelmahillo luomu 360 g, Unit Price: 3,99 €, Comparison Price: 11,08 €/kg
Product: Hommanäs 320g Vadelmahillo, Unit Price: 7,50 €, Comparison Price: 23,44 €/kg
Product: Fynbo Gourmet vadelmahillo 215g, Unit Price: 2,39 €, Comparison Price: 11,12 €/kg
Product: Herkkumaa Vadelmahillo 460g, Unit Price: 4,15 €, Comparison Price: 9,02 €/kg
Product: Satamunan ruskeita luomumunia M6 348g, Unit Price: 3,15 €, Comparison Price: 9,05 €/kg
Product: Bonne Maman 370g Vadelmahillo, Unit Price: 6,19 €, Comparison Price: 16,73 €/kg
Product: Herkku mesivadelmahillo 300 g, Unit Price: 3,25 €, Comparison Price: 10,83 €/kg
Product: Nord Clean lattiakaivonsuoja 2kpl, Unit Price: 2,99 €, Comparison Price: 
Product: La Crema kermajogurtti mansikka 150 g, Unit Price: 0,79 €, Comparison Price: 5,27 €/kg
Product: Luminarc Cervoise olutlasi 50cl, Unit Price: 3,90 €, Comparison Price: 
Product: Hansa muovikuppi lämpökynttilä JOUTSENM. 4 t 50kpl, Unit Price: 5,25 €, Comparison Price: 0,11 €/kpl
Product: Hope tuoksukynttilä 224g. Tuoksuna Sweet Lilac & Hyacinth. Tuoksukynttilässä käytetty sheavoita ja luonnollisia eteerisiä öljyjä., Unit Price: 7,65 €, Comparison Price: 34,15 €/kg
Product: Twinings 25x2g earl grey kofeiiniton tee, Unit Price: 4,35 €, Comparison Price: 87,00 €/kg
Product: Delisana Soft Cakes pehmeä leivoskeksi vadelma 135g, Unit Price: 1,09 €, Comparison Price: 8,07 €/kg
Product: Gelia jatkojohto europa 2m musta, Unit Price: 4,70 €, Comparison Price: 
Product: L'Oréal Paris Studio Line Go Create Ultra-Precise Spray ultravoimakas muotoilusuihke, 8/10 150ml, Unit Price: 4,49 €, Comparison Price: 29,93 €/l
Product: Riitan Herkku Mango-Passiomoussekakku 650g, Unit Price: 15,55 €, Comparison Price: 23,92 €/kg
Product: Trube Suklaa-appelsiinikakku 400 g suklaa-appelsiinitäytteinen kakku, Unit Price: 11,59 €, Comparison Price: 28,98 €/kg
Product: mjuuk dry texture spray rakennesuihke 250 ml, Unit Price: 6,49 €, Comparison Price: 25,96 €/l
Product: Uudenmaan Leipä 400g Ellen Svinhufvud kakku, Unit Price: 28,90 €, Comparison Price: 72,25 €/kg
Product: Riitan Herkku Sacherkakku 700g, Unit Price: 15,45 €, Comparison Price: 22,07 €/kg
Product: Fazer Taikayö suklaakakkurulla 485g, Unit Price: 12,55 €, Comparison Price: 25,88 €/kg
Product: Fazer Pieni suklaakakku 340g, Unit Price: 15,80 €, Comparison Price: 46,47 €/kpl
Product: SATUMAISTA NAPOLEONKAKKU 400G, Unit Price: 5,30 €, Comparison Price: 13,25 €/kg
Product: Riitan Herkku Kinuskikakku 700g, Unit Price: 16,29 €, Comparison Price: 23,27 €/kg
Product: Elonen Kuningatarkakku 650g, Unit Price: 16,55 €, Comparison Price: 25,46 €/kg
Product: Satumaista Cappuccino-kakku 220g, Unit Price: 5,69 €, Comparison Price: 25,86 €/kg
Product: Satumaista 300g Britakakku, Unit Price: 5,40 €, Comparison Price: 18,00 €/kg
Product: OSIS+ Grip Voimakas muotovaahto 200ml, Unit Price: 6,90 €, Comparison Price: 34,50 €/l
Product: Fazer Marianne -minttusuklaakakkurulla 485g, Unit Price: 12,55 €, Comparison Price: 25,88 €/kg
Product: Trube Kinkkukakku 500g kinkku-juustotäytteinen voileipäkakku, Unit Price: 15,50 €, Comparison Price: 31,00 €/kg
Product: Elonen Mousse Vadelma-jogurttikakku 450g, Unit Price: 14,35 €, Comparison Price: 31,89 €/kg
Product: Satumaista 730g Mansikka-suklaa täytekakku, Unit Price: 13,45 €, Comparison Price: 18,42 €/kg
Product: got2b Glued 4 Brows & Edges muotoilugeeli 16ml, Unit Price: 5,79 €, Comparison Price: 361,88 €/l
Product: Rosten Mansikkakakku 10 henk 1000g, Unit Price: 31,90 €, Comparison Price: 31,90 €/kg
Product: Satumaista Sitruunarahkakakku 370 g, Unit Price: 6,90 €, Comparison Price: 18,65 €/kg
Product: Elonen HELMI Mustikkainen Juustokakku 550g, Unit Price: 16,89 €, Comparison Price: 30,71 €/kg
Product: Fazer Ihana hetki passion-juustokakkurulla 485g, Unit Price: 12,55 €, Comparison Price: 25,88 €/kg
Product: Elonen Mustikka-vaniljakakku 650g, Unit Price: 16,75 €, Comparison Price: 25,77 €/kg
Product: Kanniston Leipomon Suklaavadelmakakku 8-10 hlö 770 g, Unit Price: 33,80 €, Comparison Price: 43,90 €/kg
Product: Laitilan Leipä Vadelma-Mustikkakakku 400 g Laktoositon, Maidoton Kerroskakku suomalaisilla marjoilla., Unit Price: 9,55 €, Comparison Price: 23,88 €/kg
Product: Laitilan Leipä Mansikkakakku 400 g Laktoositon, Maidoton Kerroskakku mansikan ystävälle, Unit Price: 9,55 €, Comparison Price: 23,88 €/kg
Product: Fazer Käpykakku 710g, täytekakku, Unit Price: 25,50 €, Comparison Price: 35,92 €/kg
Product: Piltti Pohjoisen maut 190g Perunamuusia ja poronkäristystä lastenateria 1-3v, Unit Price: 1,99 €, Comparison Price: 10,47 €/kg
Product: Piltti 250g Spagetti Bolognese lastenateria 1-3v, Unit Price: 1,49 €, Comparison Price: 5,96 €/kg
Product: Piltti Pohjoisen maut 250g Perunaa ja lohta kermaisessa kastikkeessa lastenateria 1-3v, Unit Price: 1,59 €, Comparison Price: 6,36 €/kg
Product: Piltti 250g Villinlännenpata lastenateria 1-3v, Unit Price: 1,49 €, Comparison Price: 5,96 €/kg
Product: Piltti Pohjoisen maut 190g Couscousia ja lohta lastenateria 1-3v, Unit Price: 1,55 €, Comparison Price: 8,16 €/kg
Product: Piltti 250g Merimiespata lastenateria 1-3v, Unit Price: 1,49 €, Comparison Price: 5,96 €/kg
Product: Piltti 190g Lasagnette lastenateria 1-3v, Unit Price: 1,39 €, Comparison Price: 7,32 €/kg
Product: Piltti Pohjoisen maut 190g Kasviksia ja karjalanpaistia lastenateria 1-3v, Unit Price: 1,59 €, Comparison Price: 8,37 €/kg
Product: Piltti 190g Couscousia ja naudanlihaa lastenateria 1-3v, Unit Price: 1,39 €, Comparison Price: 7,32 €/kg
Product: Piltti 250g Makaronia ja lihapullia lastenateria 1-3v, Unit Price: 1,49 €, Comparison Price: 5,96 €/kg
Product: Piltti Pohjoisen maut 190g Peruna-lohikiusaus 1-3v, Unit Price: 1,55 €, Comparison Price: 8,16 €/kg
Product: Piltti 250g Täysjyväpastaa ja naudanlihaa lastenateria 1-3v, Unit Price: 1,49 €, Comparison Price: 5,96 €/kg
Product: Piltti 190g Farmarin peruna-broilerpata lastenateria 1-3v, Unit Price: 1,39 €, Comparison Price: 7,32 €/kg
Product: Piltti Pohjoisen maut 250g Pastaa ja lohta lastenateria 1-3v, Unit Price: 1,59 €, Comparison Price: 6,36 €/kg
Product: Piltti 190g Kasvis-jauheliharisotto lastenateria 1-3v, Unit Price: 1,39 €, Comparison Price: 7,32 €/kg
Product: Semper Stroganoffia naudanlihaa & riisiä 1v lastenateria 235g, Unit Price: 1,39 €, Comparison Price: 5,91 €/kg
Product: Piltti 190g Kasviksia ja stroganoffia lastenateria 1-3v, Unit Price: 1,39 €, Comparison Price: 7,32 €/kg
Product: Piltti 250g Pennepastaa ja kanaa lastenateria 1-3v, Unit Price: 1,55 €, Comparison Price: 6,20 €/kg
Product: Piltti Luomu 190g Couscous-kanapata lastenateria 1-3v, Unit Price: 1,55 €, Comparison Price: 8,16 €/kg
Product: Semper Moussaka 1v lastenateria 235g, Unit Price: 1,55 €, Comparison Price: 6,60 €/kg
Product: Piltti Kasvis 190g Kikherne-porkkana-pasta lastenateria 1-3v Luomu, Unit Price: 1,35 €, Comparison Price: 7,11 €/kg
Product: Semper Lasagne 1v lastenateria 235g, Unit Price: 1,55 €, Comparison Price: 6,60 €/kg
Product: Piltti Luomu 190g Spaghetti bolognese lastenateria 1-3v, Unit Price: 1,55 €, Comparison Price: 8,16 €/kg
Product: Piltti 190g Perunasosejauhelihalaatikko lastenateria 1-3v, Unit Price: 1,35 €, Comparison Price: 7,11 €/kg
Product: Xtra mansikkahillo 800 g, Unit Price: 2,68 €, Comparison Price: 3,35 €/kg
Product: Meritalo Suomalainen Mansikkahillo 410g, Unit Price: 3,59 €, Comparison Price: 8,76 €/kg
Product: Coop mansikkahillo 370 g, Unit Price: 1,55 €, Comparison Price: 4,19 €/kg
Product: Dronningholm Mansikkahillo 1kg, Unit Price: 4,25 €, Comparison Price: 4,25 €/kg
Product: Saarioinen Mansikkahillo 500g, Unit Price: 3,69 €, Comparison Price: 7,38 €/kg
Product: Coop mansikkahillo pullossa 400 g, Unit Price: 2,79 €, Comparison Price: 6,98 €/kg
Product: Dronningholm Mansikkahillo 440g, Unit Price: 3,39 €, Comparison Price: 7,70 €/kg
Product: Saarioinen Mansikkahillo 800g, Unit Price: 5,55 €, Comparison Price: 6,94 €/kg
Product: Ekströms mansikkahillo 425g, Unit Price: 3,89 €, Comparison Price: 9,15 €/kg
Product: Herkkumaa Gourmet mansikkahillo 460 g, Unit Price: 3,29 €, Comparison Price: 7,15 €/kg
Product: Ekströms Vanhan ajan mansikkahillo 410g, Unit Price: 3,89 €, Comparison Price: 9,49 €/kg
Product: Den Gamle Fabrik enemmän marjaa vähemmän sokeria mansikkahillo 270g, Unit Price: 3,29 €, Comparison Price: 12,19 €/kg
Product: Hommanäs 320g Mansikkahillo 80%, Unit Price: 5,69 €, Comparison Price: 17,78 €/kg
Product: Rainbow mansikkahillo luomu 360 g, Unit Price: 2,99 €, Comparison Price: 8,31 €/kg
Product: Kotimaista mansikkahillo 310 g, Unit Price: 3,19 €, Comparison Price: 10,29 €/kg
Product: Bonne Maman 370g Mansikkahillo, Unit Price: 4,39 €, Comparison Price: 11,86 €/kg
Product: Fynbo Delight mansikkahillo - vähemmän sokeria 260g, Unit Price: 2,79 €, Comparison Price: 10,73 €/kg
Product: Fynbo Gourmet mansikkahillo 215g, Unit Price: 2,39 €, Comparison Price: 11,12 €/kg
Product: Herkkumaa Mansikkahillo 460g, Unit Price: 3,59 €, Comparison Price: 7,80 €/kg
Product: St. Dalfour Mansikkahillo 284g, Unit Price: 3,99 €, Comparison Price: 14,05 €/kg
Product: Herkku mansikkahillo 300 g, Unit Price: 5,95 €, Comparison Price: 19,83 €/kg
Product: Valio Herkku kermainen jogurtti 380 g crème brûlée laktoositon, Unit Price: 2,15 €, Comparison Price: 5,66 €/kg
Product: Delizie in Tavola 90g Salami Ungherese leikkele, Unit Price: 3,39 €, Comparison Price: 37,67 €/kg
Product: Ulkokynttilä ämpärissä w/lid 20 h vaal.vihreä, Unit Price: 9,50 €, Comparison Price: 
Product: Kotimaista Peruna-sipulisekoitus pakaste 500g, Unit Price: 0,89 €, Comparison Price: 1,78 €/kg
Product: Rainbow puolukkahillo 400 g, Unit Price: 1,55 €, Comparison Price: 3,88 €/kg
Product: Wella Classic 200ml Extra Strong muotovaahto, Unit Price: 3,79 €, Comparison Price: 18,95 €/l
Product: Gelia jatkojohto H05RR-F 1-osainen 5m 3x1,5 IP44 punainen, Unit Price: 11,80 €, Comparison Price: 
Product: Iittala Essence olutlasi 48cl kirkas 2kpl, Unit Price: 33,50 €, Comparison Price: 16,75 €/kpl
Product: Dogman Kissanlelu Nettan pallo vaaleanpunainen 5,5cm, Unit Price: 2,30 €, Comparison Price: 
Product: Suomen Sillikonttori Sipuli Artesaani-silli 280g MSC, Unit Price: 3,15 €, Comparison Price: 22,50 €/kg
Product: Boy matjessilli 580/250g, Unit Price: 4,69 €, Comparison Price: 18,76 €/kg
Product: Rainbow jätesäkki musta 200l 10kpl, Unit Price: 1,90 €, Comparison Price: 0,19 €/kpl
Product: Coop Fusilli Tricolori pasta 500 g, Unit Price: 1,35 €, Comparison Price: 2,70 €/kg
Product: Snellman Prosciutto cotto 150g, Unit Price: 4,09 €, Comparison Price: 27,27 €/kg
Product: Le Coq Cocktail Margarita 4,7 % 0,33 l klp, Unit Price: 2,52 €, Comparison Price: 7,33 €/l
Product: Coop sipulisilli 260/125 g, Unit Price: 1,95 €, Comparison Price: 15,60 €/kg
Product: Salted Yellow Corn Chips - Tortillalastut, vamistettu 100% keltaisesta maissista., Unit Price: 0,99 €, Comparison Price: 5,35 €/kg
Product: Wigren Naudan Sisäpaisti 130g, Unit Price: 3,50 €, Comparison Price: 26,92 €/kg
Product: Rainbow ananasviipaleet ananasmehussa 820/490 g, Unit Price: 2,89 €, Comparison Price: 5,90 €/kg
Product: got2b Glued 4 Brows & Edges Waterproof muotoilugeeli 16ml, Unit Price: 5,79 €, Comparison Price: 361,88 €/l
Product: Rainbow 250g gluteeniton tagliatelle, Unit Price: 2,15 €, Comparison Price: 8,60 €/kg
Product: Moilas Gluten-Free, Gluteeniton Pizzapohja 2 kpl/260 g, pakaste, Unit Price: 5,45 €, Comparison Price: 20,96 €/kg
Product: Barilla Collezione Tagliatelle durumvehnästä valmistettu nauhapasta 500g, Unit Price: 3,65 €, Comparison Price: 7,30 €/kg
Product: Herbina 200ml Volume muotovaahto, Unit Price: 0,99 €, Comparison Price: 4,95 €/l
Product: XZ 150ml Muotoilusuihke 4-in-1, Unit Price: 5,19 €, Comparison Price: 34,60 €/l
Product: mjuuk heat protection lampösuojasuihke 250 ml, Unit Price: 6,49 €, Comparison Price: 25,96 €/l
Product: L'Oréal Paris Elvital Dream Length HairDetangler hoitoaine pitkille, vaurioituneille hiuksille 200ml, Unit Price: 3,15 €, Comparison Price: 15,75 €/l
Product: Macarons-leivos 12kpl/144g (Suklaa, Vanilja, Vadelma, Sitruuna, Suolainen kinuski, Pistaasi) Pakaste, Unit Price: 6,59 €, Comparison Price: 45,76 €/kg
Product: HK Kananpojan Herkkumaksamakkara 250 g, Unit Price: 2,75 €, Comparison Price: 11,00 €/kg
Product: Rummo Gluteeniton penne rigate pasta no 66 400g, Unit Price: 2,99 €, Comparison Price: 7,48 €/kg
Product: Kotimaista Valkosipuliperunat 750 g, pakaste, Unit Price: 2,19 €, Comparison Price: 2,92 €/kg
Product: Dogman raapimapuu 37x37x118cm, Unit Price: 69,95 €, Comparison Price: 
Product: Rummo Fettucce pasta  no 15 500g, Unit Price: 1,25 €, Comparison Price: 2,50 €/kg
Product: Jupiter vaijerilukko 80 cm/12 mm, Unit Price: 5,99 €, Comparison Price: 
Product: Jupiter spiraalilukko koodilla 150 cm/8 mm, Unit Price: 7,99 €, Comparison Price: 
Product: Axa spiraalilukko resolute 8/180, Unit Price: 9,99 €, Comparison Price: 
Product: AXA Armor U-lukko 265 mm/14 mm, Unit Price: 39,95 €, Comparison Price: 
Product: Axa spiraalilukko resolute 10/150 koodi, Unit Price: 22,95 €, Comparison Price: 
Product: Jupiter ketjulukko 95 cm x 4,5 mm, Unit Price: 16,95 €, Comparison Price: 
Product: Axa ketjulukko absolute 90/5 koodi, Unit Price: 39,95 €, Comparison Price: 
Product: AXA Clinch ketjulukko 85cm, Unit Price: 34,95 €, Comparison Price: 
Product: Helkama Jopo vaijerilukko 10x1000mm fuksia, Unit Price: 9,99 €, Comparison Price: 
Product: Jupiter vaijerilukko 65 cm/6 mm, Unit Price: 4,99 €, Comparison Price: 
Product: AXA Ren II runkolukko musta, Unit Price: 15,95 €, Comparison Price: 
Product: Jupiter polkupyörän U-lukko 320/166 mm HC85102-1, Unit Price: 19,95 €, Comparison Price: 
Product: Axa ketjulukko absolute 90/5, Unit Price: 39,95 €, Comparison Price: 
Product: Jopo vaijerilukko 100cm/10mm musta, Unit Price: 9,99 €, Comparison Price: 
Product: Axa spiraalilukko resolute 120/8 royal lila, Unit Price: 13,95 €, Comparison Price: 
Product: Jupiter spiraalilukko 150 cm/8 mm musta, Unit Price: 7,99 €, Comparison Price: 
Product: Jupiter polkupyörän U-lukko 245/166 mm HC85102, Unit Price: 17,95 €, Comparison Price: 
Product: Axa spiraalilukko resolute 10/150, Unit Price: 22,95 €, Comparison Price: 
Product: Axa spiraalilukko resolute 12/60, Unit Price: 19,95 €, Comparison Price: 
Product: Jupiter spiraalilukko 150 cm/8 mm punainen, Unit Price: 7,99 €, Comparison Price: 
Product: Jupiter polkupyörän lukko eläinhahmolla G102 45 cm pinkki, Unit Price: 9,99 €, Comparison Price: 
Product: Jupiter polkupyörän lukko eläinhahmolla G102 45 cm lime, Unit Price: 9,99 €, Comparison Price: 
Product: Jupiter polkupyörän spiraalilukko G501 100 cm, Unit Price: 12,95 €, Comparison Price: 
Product: Jupiter polkupyörän koodilukko eläinhahmolla G107 35 cm pinkki, Unit Price: 9,99 €, Comparison Price: 
Product: Coop currysilli 470 g, Unit Price: 2,95 €, Comparison Price: 6,28 €/kg
Product: Frödinge laktoositon mud cake kostea suklaakakku pakaste 400g, Unit Price: 5,39 €, Comparison Price: 13,47 €/kg
Product: Fazer Geisha hasselpähkinä suklaakeksi 100g, Unit Price: 3,99 €, Comparison Price: 39,90 €/kg
Product: Rainbow 225g voffeli suklaa-toffee, Unit Price: 1,79 €, Comparison Price: 7,96 €/kg
Product: Norron Kalatassu curry & appelsiini 110g, Unit Price: 2,95 €, Comparison Price: 26,82 €/kg
Product: Dogman Kissanlelu Nettan pallo sininen 5,5cm, Unit Price: 2,30 €, Comparison Price: 
Product: Rainbow Fusilli maissista ja riisistä valmistettu pasta, gluteeniton 340 g, Unit Price: 1,55 €, Comparison Price: 4,56 €/kg
Product: Schwarzkopf Professional OSiS+ Dust It hiuspuuteri 10g, Unit Price: 9,49 €, Comparison Price: 949,00 €/kg
Product: Lav snapsilasi Aras 4,5 cl 6 kpl, Unit Price: 5,50 €, Comparison Price: 0,92 €/kpl
Product: Maitokolmio FIT Kerrosjogurttirahka mansikka 150 g laktoositon, Unit Price: 0,89 €, Comparison Price: 5,93 €/kg
Product: Fredman pursotinpussi 10kpl + suutin 3kpl, Unit Price: 3,39 €, Comparison Price: 0,34 €/kpl
Product: Argal 90g Serrano Cured Jamón Serrano kinkku, Unit Price: 2,99 €, Comparison Price: 33,22 €/kg
Product: 12xKevytOlo Meloni-Päärynä mehukivennäisvesi 0,33 l kmp, Unit Price: 7,39 €, Comparison Price: 1,56 €/l
Product: OLVI KevytOlo Verigreippi mehukivennäisvesi 1,5 l kmp, Unit Price: 3,29 €, Comparison Price: 1,93 €/l
Product: 12 x OLVI KevytOlo Sitruuna mehukivennäisvesi 0,33 l kmp, Unit Price: 7,39 €, Comparison Price: 1,56 €/l
Product: Oululainen Pullava Viipaloitu pitko 450g, Unit Price: 3,69 €, Comparison Price: 8,20 €/kg
Product: Oululainen Pullava Pitkojen Pitko 300g, vehnäpitko, Unit Price: 2,85 €, Comparison Price: 9,50 €/kg
Product: Oululainen Pullava Kuningatarpitko 400g, Unit Price: 3,39 €, Comparison Price: 8,48 €/kg
Product: Oululainen Pullava Voisilmäpitko 400g, täytepitko, Unit Price: 3,39 €, Comparison Price: 8,48 €/kg
Product: Trube Puolikas Kilopitko 500g pitko, Unit Price: 4,55 €, Comparison Price: 9,10 €/kg
Product: Fazer Sokerileipurin Pitko 435g, pullapitko, Unit Price: 4,99 €, Comparison Price: 11,47 €/kg
Product: Trube Kanelikierrepitko 350g kanelitäytepitko, Unit Price: 3,49 €, Comparison Price: 9,97 €/kg
Product: Trube Voikierrepitko 350g voitäytepitko, Unit Price: 3,75 €, Comparison Price: 10,71 €/kg
Product: Oululainen Pullava Rusinapitko 360g, Unit Price: 3,25 €, Comparison Price: 9,03 €/kg
Product: Oululainen Pullava Dallaspitko 400g, Unit Price: 3,39 €, Comparison Price: 8,48 €/kg
Product: Trube Salted Caramel -täytepitko 350 g suolakaramellitäytteinen pullapitko, Unit Price: 3,39 €, Comparison Price: 9,69 €/kg
Product: Elonen Superkanelipitko 350g, Unit Price: 3,29 €, Comparison Price: 9,40 €/kg
Product: Trube Persikka-rahkatäytepitko 350g persikka-rahkatäytteinen pitko, Unit Price: 3,49 €, Comparison Price: 9,97 €/kg
Product: Trube Mangopitko 350 g mangotäytteinen pitko, Unit Price: 3,45 €, Comparison Price: 9,86 €/kg
Product: Oululainen Pullava Pitkojen pitko 600g, vehnäpitko, Unit Price: 5,25 €, Comparison Price: 8,75 €/kg
Product: Fazer Artesaanipitko 360g, pullapitko, Unit Price: 4,39 €, Comparison Price: 12,19 €/kg
Product: Perheleipuri Salonen Kanelipitko 360g kaneli-vaniljatäytteinen pullapitko, Unit Price: 4,49 €, Comparison Price: 12,47 €/kg
Product: Trube Mustikka-jogurttihillopitko 350 g mustikka-jogurttitäytteinen pullapitko, Unit Price: 3,39 €, Comparison Price: 9,69 €/kg
Product: Trube Kahvikierrepitko 350 g pitko kahvinmakuisella täytteellä, Unit Price: 3,55 €, Comparison Price: 10,14 €/kg
Product: Kartanon Leipä Kanelikranssi 400g, Unit Price: 5,39 €, Comparison Price: 13,47 €/kg
Product: Trube Vaniljainen kuningatartäytepitko 350 g mustikka-vadelmatäytteinen pitko, Unit Price: 3,55 €, Comparison Price: 10,14 €/kg
Product: Perheleipuri Salonen Mustikkapitko 360 g mustikkatäytteinen pullapitko, Unit Price: 4,49 €, Comparison Price: 12,47 €/kg
Product: Oululainen Pullava Kanelitäytepitko 400g, täytepitko, Unit Price: 3,39 €, Comparison Price: 8,48 €/kg
Product: Oululainen Pullava Mansikka-Vaniljapitko 400g, Unit Price: 3,39 €, Comparison Price: 8,48 €/kg
Product: Rummo Penne rigate pasta no 66 500g, Unit Price: 2,55 €, Comparison Price: 5,10 €/kg
Product: Rainbow muffinivuoka 200kpl, Unit Price: 2,70 €, Comparison Price: 0,01 €/kpl
Product: Dr. Oetker Cupcake Mini vuoat 75kpl, Unit Price: 3,19 €, Comparison Price: 0,04 €/kpl
Product: 12xOLVI KevytOlo Verigreippi mehukivennäisvesi 0,33 l kmp, Unit Price: 7,19 €, Comparison Price: 1,51 €/l
Product: Abba Laktoositon sitruunakastike kalalle 250g, Unit Price: 3,15 €, Comparison Price: 12,60 €/kg
Product: Spen kuppikakkuvuoka 25kpl, Unit Price: 1,89 €, Comparison Price: 0,08 €/kpl
Product: KevytOlo Sitruuna mehukivennäisvesi 0,95 l kmp, Unit Price: 2,29 €, Comparison Price: 2,20 €/l
Product: Fredman Amerikanmuffinsivuoka 24kpl, Unit Price: 3,29 €, Comparison Price: 0,14 €/kpl
Product: Coop koristerae kukka 55 g, Unit Price: 1,39 €, Comparison Price: 
Product: 6-pack Bonaqua Juicy Villit Vatukat Hiilihapollinen juoma tlk 0.33 L, Unit Price: 4,85 €, Comparison Price: 1,99 €/l
Product: Finlayson lautasliina Kesäkuu vihreä 33cm 20kpl, Unit Price: 2,06 €, Comparison Price: 0,10 €/kpl
Product: VietCoco kookosmaito 17-19% 400ml, Unit Price: 1,89 €, Comparison Price: 4,72 €/l
Product: Apetit Kotimainen Keittojuures pakaste 200g, Unit Price: 0,62 €, Comparison Price: 3,10 €/kg
Product: Kiilto WC-geeli Valkoapila 750 ml, Unit Price: 2,59 €, Comparison Price: 3,45 €/l
Product: Meira Kirjava strösseli 55g, Unit Price: 0,60 €, Comparison Price: 10,91 €/kg
Product: Ibero Hiusharja tupeeraus, Unit Price: 4,50 €, Comparison Price: 
Product: Decorata lautasliina 25cm Ruusut, Unit Price: 0,94 €, Comparison Price: 0,05 €/kpl
Product: ONNI Pyykkietikka 750 ml Puhdas-Pellava, Unit Price: 3,59 €, Comparison Price: 4,79 €/l
Product: Rainbow Color Sensitive pyykinpesuneste värillisille tekstiileille 900 ml, Unit Price: 2,19 €, Comparison Price: 2,43 €/l
Product: DUCK Fresh Discs 2x36ml lime zest täyttöpakkaus, Unit Price: 3,09 €, Comparison Price: 42,92 €/l
Product: Omo Color Pyykinpesuaine Värillisille vaatteille 2600 ml 65 pesua, Unit Price: 10,99 €, Comparison Price: 4,23 €/l
Product: COMFORT Blue Skies Huuhteluaine Mieto ja puhdas tuoksu 762 ml 42 pesua, Unit Price: 2,79 €, Comparison Price: 3,66 €/l
Product: Orthex suppilo 13cm valkoinen, Unit Price: 2,20 €, Comparison Price: 
Product: Mikrokupu Ø 25 cm kirkas, Unit Price: 3,95 €, Comparison Price: 
Product: House siivilä 20 cm, Unit Price: 8,90 €, Comparison Price: 
Product: House siivilä 7 cm, Unit Price: 3,50 €, Comparison Price: 
Product: KAHVISUODATIN, Unit Price: 3,50 €, Comparison Price: 
Product: Rotho mikrokupu Basic 26,5 cm, Unit Price: 3,20 €, Comparison Price: 
Product: GastroMax kahvimitta 7 g valkoinen, Unit Price: 1,50 €, Comparison Price: 
Product: Fackelmann suppilosetti, Unit Price: 3,95 €, Comparison Price: 
Product: Rotho sitruspuristin Onda 0,3 l, Unit Price: 4,50 €, Comparison Price: 
Product: Cole & Mason  575 pippurimylly akryylia 10,5 cm, Unit Price: 16,90 €, Comparison Price: 
Product: House teepihdit 21153442, Unit Price: 3,95 €, Comparison Price: 
Product: Jääpalamuotti lajitelma, Unit Price: 2,95 €, Comparison Price: 
Product: Twixit pussinsulkija 20-pack, Unit Price: 3,20 €, Comparison Price: 0,16 €/kpl
Product: Fackelmann sitruspuristin Statement, Unit Price: 4,50 €, Comparison Price: 
Product: Orthex siivilä 22cm valkoinen, Unit Price: 4,50 €, Comparison Price: 
Product: Lävikkö h. 22,5 cm harmaa, Unit Price: 3,90 €, Comparison Price: 
Product: House jäätelökauha, Unit Price: 6,95 €, Comparison Price: 
Product: House metallipillit 4 kpl ja puhdistusharja 21222561VT, Unit Price: 5,90 €, Comparison Price: 1,18 €/kpl
Product: Luminarc La Cave lasi 36cl, Unit Price: 1,90 €, Comparison Price: 
Product: House kahvinsuodatin, Unit Price: 5,95 €, Comparison Price: 
Product: Iittala Kartio juomalasi 21cl kirkas 2kpl, Unit Price: 15,50 €, Comparison Price: 7,75 €/kpl
Product: Lav lasi Aras 36 cl 6 kpl, Unit Price: 8,50 €, Comparison Price: 1,42 €/kpl
Product: Iittala Aino Aalto juomalasi 22cl kirkas 2kpl, Unit Price: 17,90 €, Comparison Price: 8,95 €/kpl
Product: RCR lasi Melodia 34 cl 6 kpl, Unit Price: 21,90 €, Comparison Price: 3,65 €/kpl
Product: Lav lasi Odin 33 cl 6 kpl, Unit Price: 12,50 €, Comparison Price: 2,08 €/kpl
Product: Luminarc juomalasi Funambule 27 cl, Unit Price: 1,95 €, Comparison Price: 
Product: Luminarc La Cave lasi 34cl, Unit Price: 1,90 €, Comparison Price: 
Product: Lav lasi Odin 35,6 cl 6 kpl, Unit Price: 12,50 €, Comparison Price: 2,08 €/kpl
Product: Moomin Arabia Finland Muumi juomalasi 22cl Puutarhajuhlat, Unit Price: 13,50 €, Comparison Price: 
Product: Arabia Verna juomalasi 22cl ved.sin 2kpl, Unit Price: 28,50 €, Comparison Price: 14,25 €/kpl
Product: Moomin Arabia Finland Muumi juomalasi 22cl Yhdessä, Unit Price: 13,50 €, Comparison Price: 
Product: RCR lasi Tattoo 34 cl 6 kpl, Unit Price: 21,90 €, Comparison Price: 3,65 €/kpl
Product: Iittala Kartio juomalasi 40cl kirkas 2kpl, Unit Price: 19,50 €, Comparison Price: 9,75 €/kpl
Product: Iittala Essence juomalasi 35cl 2kpl, Unit Price: 29,50 €, Comparison Price: 14,75 €/kpl
Product: Moomin Arabia Finland Muumi juomalasi 28cl havunvihreä 2kpl, Unit Price: 26,90 €, Comparison Price: 13,45 €/kpl
Product: Iittala Kartio juomalasi 21cl kanerva 2kpl, Unit Price: 16,50 €, Comparison Price: 8,25 €/kpl
Product: Iittala 21cl Kartio juomalasi 2kpl pellava, Unit Price: 16,50 €, Comparison Price: 8,25 €/kpl
Product: Moomin Arabia Finland Muumi juomalasi 22cl Kalassa, Unit Price: 13,50 €, Comparison Price: 
Product: Moomin Arabia Finland Muumi juomalasi 22cl Iltauinti, Unit Price: 13,50 €, Comparison Price: 
Product: Moomin Arabia Finland Muumi juomalasi 28cl kirkas 2kpl, Unit Price: 26,90 €, Comparison Price: 13,45 €/kpl
Product: RCR lahjasetti Combo, Unit Price: 30,90 €, Comparison Price: 10,30 €/kpl
Product: Iittala Aino Aalto juomalasi 33cl ultramariininsininen 2kpl, Unit Price: 19,90 €, Comparison Price: 9,95 €/kpl
Product: Iittala Aino Aalto juomalasi 33cl kirkas 2kpl, Unit Price: 19,90 €, Comparison Price: 9,95 €/kpl
Product: House lasipillit 4 kpl ja puhdistusharja, taitettu, Unit Price: 5,90 €, Comparison Price: 
Product: Lékué jääpalamuotti sydän, Unit Price: 7,90 €, Comparison Price: 
Product: Cole & Mason  575 suolamylly akryylia 10,5 cm, Unit Price: 16,90 €, Comparison Price: 
Product: Luminarc sitruspuristin, Unit Price: 3,50 €, Comparison Price: 
Product: Bormioli Rocco öljypullo 0,3 l Officina 1825, Unit Price: 5,95 €, Comparison Price: 
Product: HK Herkkumaksamakkara Tomaatti 300 g, Unit Price: 2,45 €, Comparison Price: 8,17 €/kg
Product: Moomin Arabia Finland Muumi muki 0,3L Marjassa, Unit Price: 23,50 €, Comparison Price: 
Product: Moomin Arabia Finland Muumi muki 0,3L Piisamirotta luolassa, Unit Price: 18,90 €, Comparison Price: 
Product: Moomin Arabia Finland Muumi muki 0,3L Nipsu rannalla, Unit Price: 18,90 €, Comparison Price: 
Product: Oluttuoppi 0,5 L muovia, Unit Price: 2,50 €, Comparison Price: 
Product: Daloplast olutlasi 45 cl lila, Unit Price: 2,90 €, Comparison Price: 
Product: Moomin Arabia Muumi Muumipeikko muki 0,3 l, Unit Price: 18,90 €, Comparison Price: 
Product: House juomalasi akryyli Rilla 3 dl, Unit Price: 3,50 €, Comparison Price: 
Product: Akvila juomalasi Tulip 0,2l rikkoutumaton, konepesunkestävä, Unit Price: 1,90 €, Comparison Price: 
Product: Daloplast olutlasi 45 cl kirkas, Unit Price: 2,90 €, Comparison Price: 
Product: Juomalasi 25 cl muovia, Unit Price: 1,50 €, Comparison Price: 
Product: Moomin Arabia Muumi muki ABC M 0,4l, Unit Price: 24,50 €, Comparison Price: 
Product: House muki pioni 0,45 l, Unit Price: 4,95 €, Comparison Price: 
Product: Moomin Arabia Finland Muumi muki 0,4L ABC A, Unit Price: 24,50 €, Comparison Price: 
Product: Moomin Arabia Finland Muumi muki 0,4L ABC S, Unit Price: 24,50 €, Comparison Price: 
Product: House muki Terttu 4 dl, Unit Price: 5,50 €, Comparison Price: 
Product: Moomin Arabia Muumi Hemuli muki 0,3l keltainen, Unit Price: 18,90 €, Comparison Price: 
Product: House muki Kesähetki 0,44 l, Unit Price: 4,95 €, Comparison Price: 
Product: House muki orkidea 0,45 l, Unit Price: 4,95 €, Comparison Price: 
Product: Moomin Arabia Muumi Niiskuneiti muki 0,3 l liila, Unit Price: 18,90 €, Comparison Price: 
Product: Moomin Arabia Muumi Muumipappa muki 0,3l harmaa, Unit Price: 18,90 €, Comparison Price: 
Product: Arabia Pastoraali muki 0,5L, Unit Price: 21,50 €, Comparison Price: 
Product: Moomin Arabia Muumi Muumimamma muki 0,3 l marmeladi, Unit Price: 18,90 €, Comparison Price: 
Product: Moomin Arabia Muumi Rakkaus muki 0,3 l, Unit Price: 18,90 €, Comparison Price: 
Product: House muki Magnolia 0,44 l, Unit Price: 4,95 €, Comparison Price: 
Product: Lumene Brow Care Shaping Wax 2 Harmaanruskea ​5 ml, Unit Price: 9,90 €, Comparison Price: 1980,00 €/l
Product: essence micro precise kulmakynä 0,05g, Unit Price: 2,49 €, Comparison Price: 2490,00 €/kg
Product: essence micro precise kulmakynä 0,05g, Unit Price: 2,49 €, Comparison Price: 2490,00 €/kg
Product: Lumene Longwear Eyebrow Definer Kulmakynä 2 Keskiruskea 0,09 g, Unit Price: 10,90 €, Comparison Price: 
Product: essence eyebrow DESIGNER kulmakynä 1g, Unit Price: 1,89 €, Comparison Price: 1890,00 €/kg
Product: essence lash & brow gel mascara muotoilugeeli 9 ml, Unit Price: 2,49 €, Comparison Price: 276,67 €/l
Product: Lumene Brow Care Kulmien muotoiluvaha 1 Vaaleanruskea 5 ml, Unit Price: 9,90 €, Comparison Price: 1980,00 €/l
Product: Lumene Eyebrow Shaping Kulmakynä 2 Brown 1,08g, Unit Price: 9,50 €, Comparison Price: 
Product: Lumene Longwear Eyebrow Definer Kulmakynä 1 Vaaleanruskea 0,09 g, Unit Price: 10,90 €, Comparison Price: 
Product: Lumene Eyebrow Shaping Kulmakynä 3 Ash Brown 1,08g, Unit Price: 9,50 €, Comparison Price: 
Product: essence make me BROW kulmageeli 3,8 ml, Unit Price: 3,09 €, Comparison Price: 772,50 €/l
Product: essence FIX IT LIKE A BOSS TRANSPARENT BROW FIXING GEL väritön kulmageeli 8,5 ml, Unit Price: 3,49 €, Comparison Price: 
Product: Lumene Longwear Eyebrow Definer Kulmakynä 3 Harmaanruskea 0,09 g, Unit Price: 10,90 €, Comparison Price: 
Product: essence micro precise kulmakynä 0,05g, Unit Price: 2,49 €, Comparison Price: 2490,00 €/kg
Product: essence make me BROW kulmageeli 3,8 ml, Unit Price: 3,09 €, Comparison Price: 772,50 €/l
Product: Rimmel 1,4g Professional Eyebrow Pencil 002 Hazel kulmakynä, Unit Price: 5,90 €, Comparison Price: 
Product: MUA Make Up Academy Brow Define Eyebrow Pencil 1,2 g Light Brown kulmakynä, Unit Price: 2,15 €, Comparison Price: 
Product: MUA Make Up Academy Brow Define Eyebrow Pencil with Blending Brush Mid Brown kulmakynä, Unit Price: 4,20 €, Comparison Price: 
Product: essence kulmapuuterisetti 2,3g, Unit Price: 2,89 €, Comparison Price: 1445,00 €/kg
Product: Lumene Longwear Eyebrow Definer Kulmakynä 5 Tummanruskea 0,09 g, Unit Price: 10,90 €, Comparison Price: 
Product: essence make me BROW kulmageeli 3,8 ml, Unit Price: 3,09 €, Comparison Price: 772,50 €/l
Product: Gosh Brow Lift Lamination Gel 001 Transparent -kulmageeli 6ml, Unit Price: 16,90 €, Comparison Price: 2816,67 €/l
Product: essence micro precise kulmakynä 0,05g, Unit Price: 2,49 €, Comparison Price: 2490,00 €/kg
Product: Lumene Longwear Eyebrow Definer Kulmakynä 4 Lämmin ruskea 0,09 g, Unit Price: 10,90 €, Comparison Price: 
Product: Xtra lettuhillo 800 g, Unit Price: 2,04 €, Comparison Price: 2,55 €/kg
Product: Saarioinen Mansikka-vadelmahillo 500g, Unit Price: 3,99 €, Comparison Price: 7,98 €/kg
Product: Dronningholm Kuningatarhillo, Vadelma-mustikkahillo 440g, Unit Price: 3,45 €, Comparison Price: 7,84 €/kg
Product: Dronningholm Mansikka-vaniljahillo 440g, Unit Price: 3,19 €, Comparison Price: 7,25 €/kg
Product: Saarioinen Lettuhillo, sekahillo 500g, Unit Price: 3,25 €, Comparison Price: 6,50 €/kg
Product: Saarioinen Mansikka-vadelmahillo 800g, Unit Price: 6,19 €, Comparison Price: 7,74 €/kg
Product: Saarioinen Lettuhillo, sekahillo 800g, Unit Price: 5,19 €, Comparison Price: 6,49 €/kg
Product: Meritalo Suomalainen Kuningatarhillo 410g, Unit Price: 3,69 €, Comparison Price: 9,00 €/kg
Product: Saarioinen Lettuhillo vähemmän sokeria, sekahillo 320g, Unit Price: 3,19 €, Comparison Price: 9,97 €/kg
Product: Meritalo Suomalainen Mansikka-raparperihillo 410g, Unit Price: 3,19 €, Comparison Price: 7,78 €/kg
Product: St. Dalfour 4 marjan hillo  284g, Unit Price: 3,99 €, Comparison Price: 14,05 €/kg
Product: Dronningholm Omena-vaniljahillo 440g, Unit Price: 3,45 €, Comparison Price: 7,84 €/kg
Product: St. Dalfour Vadelma-granaattiomenahillo 284g, Unit Price: 3,99 €, Comparison Price: 14,05 €/kg
Product: Herkkumaa Kuningashillo 460g, Unit Price: 3,99 €, Comparison Price: 8,67 €/kg
Product: Carrefour Original neljän marjan hillo 370 g, Unit Price: 2,07 €, Comparison Price: 5,59 €/kg
Product: Kotimaista lettuhillo 410 g, Unit Price: 3,19 €, Comparison Price: 7,78 €/kg
Product: St. Dalfour Omena-kanelihillo 284g, Unit Price: 3,99 €, Comparison Price: 14,05 €/kg
Product: Herkkumaa Lettuhillo 460g, Unit Price: 3,59 €, Comparison Price: 7,80 €/kg
Product: Fredman muffinsivuoka 100kpl, Unit Price: 1,59 €, Comparison Price: 0,02 €/kpl
Product: Atria Levitettävä Tomaattiherkkumaksamakkara 200g, Unit Price: 2,95 €, Comparison Price: 14,75 €/kg
Product: KevytOlo Vadelma-Lime mehukivennäisvesi  0,5 l kmp, Unit Price: 2,05 €, Comparison Price: 3,70 €/l
Product: Brander pinaatti-fetapasteija gton 2 kpl/160g PA, Unit Price: 4,99 €, Comparison Price: 31,19 €/kg
Product: Fazer Dumle -munkki 12kpl 1272g, pakaste, Unit Price: 9,95 €, Comparison Price: 7,82 €/kg
Product: Bolsius 45ml tuoksutikut mango, Unit Price: 0,99 €, Comparison Price: 22,00 €/l
Product: Hyvä Apaja Savukalasalaatti 200g, Unit Price: 3,89 €, Comparison Price: 19,45 €/kg
Product: LV 150ml Muotovaahto, Unit Price: 3,89 €, Comparison Price: 25,93 €/l
Product: Fazer Gluteeniton Riisipiirakka 4kpl 240g, kypsäpakaste, Unit Price: 4,79 €, Comparison Price: 19,96 €/kg
Product: Gasa Gourmet valkosipulikastike 30 g, Unit Price: 0,40 €, Comparison Price: 13,33 €/kg
Product: Ruokamestarin Katkarapuherkku, Unit Price: 24,90 €, Comparison Price: 
Product: Delitalo Suvisalaatti, kaali-porkkana-ananassalaatti, Unit Price: 8,70 €, Comparison Price: 
Product: Kolmen sipulin perunasalaatti, Unit Price: 14,90 €, Comparison Price: 
Product: Herkku Premium skagenröra, Unit Price: 39,95 €, Comparison Price: 
Product: Herkku Grills Wasabi-seesam-coleslaw, Unit Price: 17,90 €, Comparison Price: 
Product: Herkku Kana-caesarsalaatti, Unit Price: 28,90 €, Comparison Price: 
Product: Delitalo Vihreä coleslaw-salaatti 2kg, Unit Price: 12,50 €, Comparison Price: 
Product: Herkku Grills Sriracha-pekoni-perunasalaatti, Unit Price: 18,90 €, Comparison Price: 
Product: Herkku Kreikkalainen kyläsalaatti, Unit Price: 26,90 €, Comparison Price: 
Product: Kruunu Herkku Metsäsienisalaatti, Unit Price: 14,50 €, Comparison Price: 
Product: Fresh SalaattiMestari mozzarellasalaatti, Unit Price: 19,50 €, Comparison Price: 
Product: Fresh SalaattiMestari Leipäjuustosalaatti, Unit Price: 17,90 €, Comparison Price: 
Product: Delitalo Kurkku-kaalisalaatti, Unit Price: 9,80 €, Comparison Price: 
Product: Pikkelöity tuorekurkku, Unit Price: 12,90 €, Comparison Price: 
Product: Fresh SalaattiMestari Raikas raastesalaatti 1,0 kg GN 1/4, Unit Price: 14,90 €, Comparison Price: 
Product: Fresh SalaattiMestari Nizzansalaatti 2,0kg GN1/1, Unit Price: 28,90 €, Comparison Price: 
Product: Herkku Sitruunamarinoitua savulohta & perunaa n. 2,5 kg, Unit Price: 28,90 €, Comparison Price: 
Product: Harissa majoneesi 50 g, Unit Price: 0,80 €, Comparison Price: 16,00 €/kg
Product: Fresh SalaattiMestari kreikkalainen salaatti, Unit Price: 18,90 €, Comparison Price: 
Product: Fresh SalaattiMestari Mustikkainen juustosalaatti 2,0kg GN1/1, Unit Price: 28,90 €, Comparison Price: 
Product: Delitalo Välimeren kana-pastasalaatti 2kg, Unit Price: 21,50 €, Comparison Price: 
Product: Wigren Maalaismaksamakkara 300g, Unit Price: 3,75 €, Comparison Price: 12,50 €/kg
Product: Fresh SalaattiMestari Meloni-rypälesalaatti 1,8kg GN1/1, Unit Price: 17,90 €, Comparison Price: 
Product: Herkku Ravunpyrstö-caesarsalaatti, Unit Price: 35,90 €, Comparison Price: 
Product: BIOPAK 10kpl 19cm Grand vahattu puuveitsi, Unit Price: 1,99 €, Comparison Price: 0,20 €/kpl
Product: Ziaja sunny mango huulikuorinta 12ml, Unit Price: 5,25 €, Comparison Price: 437,50 €/l
Product: Coop Farfalle tricolore kuviopasta 500 g, Unit Price: 1,45 €, Comparison Price: 2,90 €/kg
Product: La Crema kermajogurtti mandariini-hunaja 150 g, Unit Price: 0,79 €, Comparison Price: 5,27 €/kg
Product: Indian Original nacho maissilastu 200g, Unit Price: 2,39 €, Comparison Price: 11,95 €/kg
Product: Coop kirjolohipihvi 200 g, Unit Price: 2,89 €, Comparison Price: 14,45 €/kg
Product: Nutrilett Rich Chocolate flavoured shake vähälaktoosinen suklaanmakuinen juoma - ateriankorvike painonhallintaan 330 ml, Unit Price: 2,25 €, Comparison Price: 6,82 €/l
Product: Nutrilett Nordic berries smoothie vähälaktoosinen Pohjoisten marjojen makuinen smoothie - ateriankorvike painonhallintaan 330 ml, Unit Price: 2,25 €, Comparison Price: 6,82 €/l
Product: Nutrilett Tasty Tropical Smoothie vähälaktoosinen Trooppinen smoothie - ateriankorvike painonhallintaan 330 ml, Unit Price: 2,25 €, Comparison Price: 6,82 €/l
Product: Naturdiet VLCD caramel cappuccino proteiinikahvi 330ml, Unit Price: 2,05 €, Comparison Price: 6,21 €/l
Product: Naturdiet VLCD suklaa-banaani shake 330ml, Unit Price: 2,05 €, Comparison Price: 6,21 €/l
Product: Nutrilett Premium Dark Chocolate bar ateriankorvikepatukka painonhallintaan 4x59g, Unit Price: 6,39 €, Comparison Price: 26,63 €/kg
Product: Naturdiet VLCD suklaa shake 330ml, Unit Price: 2,05 €, Comparison Price: 6,21 €/l
Product: Wotkin´s 300 g Maalaismaksamakkara, Unit Price: 3,55 €, Comparison Price: 11,83 €/kg
Product: Nutrilett Chocolate Crunch & Sea Salt bar Suklaacrunchpatukka merisuolalla atreriankorvikepatukka 60g, Unit Price: 2,15 €, Comparison Price: 35,83 €/kg
Product: Naturdiet VLCD caffè mocha proteiinikahvi 330ml, Unit Price: 2,05 €, Comparison Price: 6,21 €/l
Product: Nutrilett Milk Chocolate & Creamy Caramel bar ateriankorvikepatukka suklaakuorrutuksella 60g, Unit Price: 2,15 €, Comparison Price: 35,83 €/kg
Product: Nutrilett Toffee Fudge maitosuklaa-karamellipatukka 40g, Unit Price: 2,15 €, Comparison Price: 53,75 €/kg
Product: Coop koristerae dino 50 g, Unit Price: 1,39 €, Comparison Price: 
Product: Rainbow Kalapyörykkä 250g, Unit Price: 2,79 €, Comparison Price: 11,16 €/kg
Product: Semper Maissia ja perunaa alkaen 4kk kasvissose 125g, Unit Price: 0,75 €, Comparison Price: 6,00 €/kg
Product: Vici surimitikut 250g, Unit Price: 3,19 €, Comparison Price: 12,76 €/kg
Product: HK Herkkumaksamakkara kinkku 300 g, Unit Price: 2,39 €, Comparison Price: 7,97 €/kg
Product: PTX jalkapallo, koko 4, Unit Price: 11,95 €, Comparison Price: 
Product: 12xKevytOlo Vadelma-Lime mehukivennäisvesi 0,33 l kmp, Unit Price: 7,39 €, Comparison Price: 1,56 €/l
Product: Brander kinkku-paprika  gton 2 kpl/160g PA, Unit Price: 4,99 €, Comparison Price: 31,19 €/kg
Product: Moilas Gluten-Free riisipiirakka 5kpl 425g kypsä pakaste, Unit Price: 4,99 €, Comparison Price: 11,74 €/kg
Product: Xtra mätitahna 250 g, Unit Price: 1,99 €, Comparison Price: 7,96 €/kg
Product: Savupojat Maksamakkara 100 g, Unit Price: 1,09 €, Comparison Price: 10,90 €/kg
Product: Spen puinen lusikka 16cm 12kpl, Unit Price: 0,79 €, Comparison Price: 0,07 €/kpl
Product: Smart astiaharjan vaihtopää nylon FSC, Unit Price: 1,65 €, Comparison Price: 
Product: Snellman  Herra Snellmanin maksamakkara 300g, Unit Price: 1,75 €, Comparison Price: 5,83 €/kg
Product: Maybelline New York Lash Sensational Sky High Black -maskara 7,5ml, Unit Price: 10,95 €, Comparison Price: 
Product: Bbia Never Die Mascara 7g, Unit Price: 13,95 €, Comparison Price: 
Product: Maybelline New York Lash Sensational Sky High Black WP -maskara 6ml, Unit Price: 10,95 €, Comparison Price: 
Product: essence Lash PRINCESS false lash effect mascara waterproof vedenkestävä ripsiväri 12 ml, Unit Price: 3,99 €, Comparison Price: 332,50 €/l
Product: essence I LOVE EXTREME crazy volume mascara 12 ml, Unit Price: 3,49 €, Comparison Price: 290,83 €/l
Product: essence Lash PRINCESS false lash effect mascara 12 ml, Unit Price: 3,99 €, Comparison Price: 332,50 €/l
Product: Maybelline New York Lash Sensational Very black WP maskara 9,5ml, Unit Price: 12,95 €, Comparison Price: 
Product: Maybelline New York Lash Sensational Very black maskara 9,6ml, Unit Price: 12,95 €, Comparison Price: 
Product: L'Oréal Paris Telescopic Maskara Black/Noir ultrapidentävä ripsiväri 8ml, Unit Price: 11,95 €, Comparison Price: 
Product: Lumene Nordic Berry Curl Mascara Waterproof Black 8ml, Unit Price: 16,90 €, Comparison Price: 
Product: Maybelline New York Lash Sensational Sky High Cosmic Black maskara 7,2 ml, Unit Price: 10,95 €, Comparison Price: 1564,29 €/l
Product: Lumene Blueberry Sensitive Mascara Black 7ml, Unit Price: 17,50 €, Comparison Price: 
Product: Maybelline New York  Lash Sensational Intense black -maskara 10ml, Unit Price: 12,95 €, Comparison Price: 
Product: Maybelline New York Great Lash Blackest Black maskara, Unit Price: 8,90 €, Comparison Price: 
Product: L'Oréal Paris Volume Million Lashes So Couture maskara musta 9,5ml, Unit Price: 14,90 €, Comparison Price: 
Product: Lumene Blueberry Sensitive Volume Mascara 14ml, Unit Price: 17,50 €, Comparison Price: 
Product: Lumene Nordic Berry Length & Volume Mascara Ruskea, Unit Price: 16,90 €, Comparison Price: 2112,50 €/l
Product: L'Oréal Paris Telescopic Extra Black Maskara 8ml, Unit Price: 11,95 €, Comparison Price: 
Product: Maybelline New York Colossal 02 Extra Black -maskara 10,7ml, Unit Price: 9,95 €, Comparison Price: 
Product: Rimmel 8ml Extra Superlash Mascara 101 Musta ripsiväri, Unit Price: 8,40 €, Comparison Price: 
Product: Maybelline New York  Volum Express  Black mascara 10ml, Unit Price: 8,55 €, Comparison Price: 
Product: essence all eyes on me waterproof mascara vedenkestävä ripsiväri 8 ml, Unit Price: 2,49 €, Comparison Price: 311,25 €/l
Product: essence all eyes on me multi-effect mascara 8 ml, Unit Price: 2,49 €, Comparison Price: 311,25 €/l
Product: essence I LOVE EXTREME volume mascara waterproof vedenkestävä ripsiväri 12 ml, Unit Price: 3,49 €, Comparison Price: 290,83 €/l
Product: Gelia jatkojohto 6-os maadoitettu 3m kytkin valkoinen, Unit Price: 8,95 €, Comparison Price: 
Product: Spen kahvitikku 50kpl, Unit Price: 0,79 €, Comparison Price: 0,02 €/kpl
Product: Abba laktoositon remoulade jogurttikastike kalalle 280g, Unit Price: 1,50 €, Comparison Price: 5,36 €/kg
Product: Stor juomapullo Frozen Elements 6,2 dl, Unit Price: 12,50 €, Comparison Price: 
Product: Stor juomapullo Muumi 4,3 dl, Unit Price: 8,90 €, Comparison Price: 
Product: Stor juomapullo Ryhmä Hau 4 dl, Unit Price: 4,95 €, Comparison Price: 
Product: Stor juomapullo Prinsessat 4 dl, Unit Price: 4,95 €, Comparison Price: 
Product: Stor muki Pipsa Possu 2,65 dl, Unit Price: 2,50 €, Comparison Price: 
Product: Stor juomapullo Spiderman 6,2 dl, Unit Price: 12,50 €, Comparison Price: 
Product: Stor juomapullo Dinot 4 dl, Unit Price: 3,50 €, Comparison Price: 
Product: Moomin by Martinex juomapullo 3,5 dl Eloisa vaaleanpunainen, Unit Price: 15,90 €, Comparison Price: 
Product: Stor juomapullo Mikki 6,2 dl, Unit Price: 12,50 €, Comparison Price: 
Product: Moomin by Martinex juomapullo 3,5 dl Piilottelu oliivi, Unit Price: 15,90 €, Comparison Price: 
Product: Stor juomapullo Gigantosaurus 4 dl, Unit Price: 4,95 €, Comparison Price: 
Product: Stor muki Minecraft 2,65 dl, Unit Price: 2,50 €, Comparison Price: 
Product: Stor juomapullo Muumi 4 dl, Unit Price: 5,95 €, Comparison Price: 
Product: Stor eväsrasia Muumi, Unit Price: 7,50 €, Comparison Price: 
Product: Stor muki Muumi 3,5 dl, Unit Price: 3,50 €, Comparison Price: 
Product: Muumi Ystävät melamiinimuki 2,5dl, Unit Price: 10,50 €, Comparison Price: 
Product: Martinex Muumi Ystävät syvä lautanen, Unit Price: 10,90 €, Comparison Price: 
Product: Frozen muki Elements 0,26 l, Unit Price: 2,50 €, Comparison Price: 
Product: Moomin Arabia Muumi Muumipeikko lastenastiasto 2-osainen, Unit Price: 42,50 €, Comparison Price: 
Product: Stor lautanen Spiderman, Unit Price: 3,90 €, Comparison Price: 
Product: Lokerolautanen Moominvalley, Unit Price: 9,90 €, Comparison Price: 
Product: Frozen lautanen Elements, Unit Price: 3,90 €, Comparison Price: 
Product: Frozen kulho Elements, Unit Price: 3,50 €, Comparison Price: 
Product: Moomin Arabia Muumi Pikku Myy lastenastiasto 2-osainen, Unit Price: 42,50 €, Comparison Price: 
Product: Bolsius Hautakynttilä 70h myrskykansi "heaven" Valkoinen, Unit Price: 1,79 €, Comparison Price: 
Product: Weekend Snacks 3in1 Hummus-Linssi-Quinoa-sipsisekoitus, Juusto Jalapeño, 90g, Unit Price: 2,49 €, Comparison Price: 27,67 €/kg
Product: Smile sokeriruokokupit 240ml, 10kpl, Unit Price: 1,55 €, Comparison Price: 0,16 €/kpl
Product: Sini Kylppäriliina mikrokuitua 30x30 cm, Unit Price: 5,89 €, Comparison Price: 
Product: Porokylän Cocktailriisipiirakka 6 kpl / 210 g gluteeniton laktoositon, Unit Price: 2,69 €, Comparison Price: 12,81 €/kg
Product: Hyvä Apaja Kalanugetit 250g, Unit Price: 3,19 €, Comparison Price: 12,76 €/kg
Product: Snellman Tomaattimaksamakkara 150g, Unit Price: 1,45 €, Comparison Price: 9,67 €/kg
Product: method Lattianpesuaine Wild Rhubarb 739ml, Unit Price: 5,99 €, Comparison Price: 8,11 €/l
Product: Rainbow hillosipulit etikkaliemessä 320/190 g, Unit Price: 0,75 €, Comparison Price: 3,95 €/kg
Product: Spen puinen kahvilusikka 11cm 12kpl, Unit Price: 0,40 €, Comparison Price: 0,03 €/kpl
Product: Pallopumppu double action, Unit Price: 4,99 €, Comparison Price: 
Product: Värska Originaal luonnon mineraalivesi , hiilihapollinen 1,5L PET, Unit Price: 1,79 €, Comparison Price: 0,93 €/l
Product: Marabou Japp, suklaapatukka 60g, Unit Price: 0,95 €, Comparison Price: 15,83 €/kg
Product: Clipper Nighty Night. Appelsiininmakuinen luomu yrttihauduke, sisältää kamomillaa ja sitruunamelissaa 40g / 20 pussia., Unit Price: 3,59 €, Comparison Price: 89,75 €/kg
Product: Rainbow pölypussi RB1800 4kpl + moottorisuodatin, Unit Price: 8,99 €, Comparison Price: 2,25 €/kpl
Product: Miele GN HyClean pure pölypussi, Unit Price: 18,95 €, Comparison Price: 4,74 €/kpl
Product: Electrolux pölypussi S-bag Classic Long Performance E201S 4 kpl, Unit Price: 12,95 €, Comparison Price: 3,24 €/kpl
Product: Rainbow pölypussi RB2000 4kpl + moottorisuodatin, Unit Price: 8,99 €, Comparison Price: 2,25 €/kpl
Product: Miele FJM Pure pölypussi, Unit Price: 18,95 €, Comparison Price: 4,74 €/kpl
Product: Bosch pölypussi BBZ41FGALL, Unit Price: 14,95 €, Comparison Price: 
Product: Rainbow pölypussi RB3100 4kpl + moottorisuodatin, Unit Price: 8,99 €, Comparison Price: 2,25 €/kpl
Product: Rainbow pölypussi RB3101 4kpl + moottorisuodatin, Unit Price: 8,99 €, Comparison Price: 2,25 €/kpl
Product: Electrolux pölypussi S-bag Anti-Allergy E206S 4 kpl, Unit Price: 13,95 €, Comparison Price: 3,49 €/kpl
Product: Electrolux pölypussi S-bag Anti-Odour E203S 4 kpl, Unit Price: 13,95 €, Comparison Price: 3,49 €/kpl
Product: Rainbow pölypussi RB1840 4kpl + moottorisuodatin, Unit Price: 8,99 €, Comparison Price: 2,25 €/kpl
Product: Rainbow pölypussi RB1002 4kpl + moottorisuodatin, Unit Price: 8,99 €, Comparison Price: 2,25 €/kpl
Product: Electrolux pölypussi S-bag Ultra Long Performance E210S 3 kpl, Unit Price: 13,95 €, Comparison Price: 4,65 €/kpl
Product: Electrolux pölynimurin raikastinrakeet, sitrus, Unit Price: 6,50 €, Comparison Price: 
Product: Rainbow pölypussi RB3001 4kpl + moottorisuodatin, Unit Price: 8,99 €, Comparison Price: 2,25 €/kpl
Product: Bosch pölypussi AirFresh GALL BBZAFGALL, Unit Price: 19,95 €, Comparison Price: 
Product: Rainbow pölypussi RB1900 4kpl + moottorisuodatin, Unit Price: 8,99 €, Comparison Price: 2,25 €/kpl
Product: Rainbow pölypussi RB1000 4kpl + moottorisuodatin, Unit Price: 8,99 €, Comparison Price: 2,25 €/kpl
Product: Rainbow pölypussi RB1300 4kpl + moottorisuodatin, Unit Price: 8,99 €, Comparison Price: 2,25 €/kpl
Product: iRobot i/j/s-sarjojen pölypussit, Unit Price: 25,95 €, Comparison Price: 8,65 €/kpl
Product: Rainbow pölypussi RB2001 4kpl + moottorisuodatin, Unit Price: 8,99 €, Comparison Price: 2,25 €/kpl
Product: Electrolux pölynimurin raikastinrakeet, ruusu, Unit Price: 6,50 €, Comparison Price: 
Product: Electrolux pölynimurin raikastinrakeet, fariinisokeri&viikuna, Unit Price: 6,50 €, Comparison Price: 
Product: Rainbow pölypussi RBSOS 3kpl yleispätevä pussimalli, Unit Price: 8,99 €, Comparison Price: 3,00 €/kpl
Product: Saana Tuoresuojahuppu 10kpl, Unit Price: 1,90 €, Comparison Price: 0,19 €/kpl
Product: Hansa lasinen hautakynttilä SYDÄN, paloaika noin 60 tuntia, Unit Price: 2,65 €, Comparison Price: 
Product: Perniön Maksamakkara 280g, Unit Price: 3,49 €, Comparison Price: 12,46 €/kg
Product: Rainbow pähkinä- ja karpalosekoitus 200 g, Unit Price: 1,80 €, Comparison Price: 9,00 €/kg
Product: Laatupaakarin Gluteeniton Luomu Maissinaksuja 90g, Unit Price: 1,58 €, Comparison Price: 17,56 €/kg
Product: Fackelmann korkkinen pannunalunen 2 kpl, Unit Price: 5,95 €, Comparison Price: 
Product: Xtra pähkinä- ja rusinasekoitus 300 g, Unit Price: 2,79 €, Comparison Price: 9,30 €/kg
Product: Xtra mikrokuituliina 2 kpl, Unit Price: 1,39 €, Comparison Price: 
Product: Fazer Susu Original suklaapatukka 40g, Unit Price: 0,99 €, Comparison Price: 24,75 €/kg
Product: Xtra fusillipasta 1 kg, Unit Price: 1,69 €, Comparison Price: 1,69 €/kg
Product: Bolsius Lasilyhty Twist 24hours Valkoinen, Unit Price: 0,99 €, Comparison Price: 
Product: Gelia jatkojohto 3+4 kombi 1m 3xsuko+4xeuro kytkin valkoinen, Unit Price: 7,95 €, Comparison Price: 
Product: Norron Kalatassu lime & sitruuna 110g, Unit Price: 1,99 €, Comparison Price: 18,09 €/kg
Product: Gelia jatkojohto europa 4m valkoinen, Unit Price: 5,95 €, Comparison Price: 
Product: Method Lattianpesuaine puulattialle Manteli 739ml, Unit Price: 5,99 €, Comparison Price: 8,11 €/l
Product: Kotimaista Voisilmäpulla, 480 g, 5-6 kpl, kypsä, Unit Price: 4,65 €, Comparison Price: 9,69 €/kg
Product: Jupiter takavalo 7 lm ladattava 150 mAh, Unit Price: 9,99 €, Comparison Price: 
Product: Jupiter etuhuomiovalo 10 lm paristoilla, Unit Price: 4,99 €, Comparison Price: 
Product: Rummo Conchiglie Rigate pasta no 42 500g, Unit Price: 2,55 €, Comparison Price: 5,10 €/kg
Product: Sini pölymiekka 59cm taivuteltava mikrokuitua, Unit Price: 6,69 €, Comparison Price: 
Product: Harmony kasvopaperi 150kpl, Unit Price: 1,69 €, Comparison Price: 0,01 €/kpl
Product: Hackman Carelia kakkulapio, Unit Price: 24,50 €, Comparison Price: 
Product: TRESemmé Heat Defence Lämpösuojasuihke 230°C asti 300 ml, Unit Price: 8,95 €, Comparison Price: 29,83 €/l
Product: Kotimaista appelsiinimutakakku 400 g, Unit Price: 3,59 €, Comparison Price: 8,98 €/kg
Product: Den Lille Nøttefabrikken NøttiFrutti Pähkinä-hedelmäsekoitus 60g, Unit Price: 1,85 €, Comparison Price: 30,83 €/kg
Product: Fazer Jaffa Jim leivoskeksi 300g, Unit Price: 2,99 €, Comparison Price: 9,97 €/kg
Product: Kivikylän Maksamakkara 300g, Unit Price: 2,99 €, Comparison Price: 9,97 €/kg
Product: Abba anjovisfilee 125/79g, Unit Price: 2,99 €, Comparison Price: 36,91 €/kg
Product: Fazer Omar -kakkunen 2kpl 150g, Unit Price: 4,09 €, Comparison Price: 27,27 €/kg
Product: NIVEA 40ml Derma Skin Clear Chemical Exfoliator -kemiallinen kuorintavoide, Unit Price: 9,05 €, Comparison Price: 226,25 €/l
Product: Nestlé Health Science Althéra 400g Erikoisravintovalmiste, Unit Price: 17,00 €, Comparison Price: 42,50 €/kg
Product: HK Maalaismaksamakkara 300 g, Unit Price: 2,39 €, Comparison Price: 7,97 €/kg
Product: Jupiter etuvalo 180 lm ladattava 800 mAh, Unit Price: 12,95 €, Comparison Price: 
Product: Ben's Original Paistettu valmisriisi Thai tapaan 220g, Unit Price: 2,05 €, Comparison Price: 9,32 €/kg
Product: TREND MIKROKUITULIINA 8KPL, Unit Price: 5,69 €, Comparison Price: 0,71 €/kpl
Product: Valio Play® jogurtti 4x125 g vadelma laktoositon, Unit Price: 2,55 €, Comparison Price: 5,10 €/kg
Product: Weekend Snacks Weekend Mix Maustettu snacks-sekoitus 180g, Unit Price: 2,49 €, Comparison Price: 13,83 €/kg
Product: Jupiter takahuomiovalo silikoni, erilaisia, Unit Price: 2,99 €, Comparison Price: 
Product: Kotimaista Hiilihapollinen lähdevesi 0,5l, Unit Price: 0,69 €, Comparison Price: 0,98 €/l
Product: Coop BBQ-ristikkoperunat 600 g pakaste, Unit Price: 2,15 €, Comparison Price: 3,58 €/kg
Product: Apetit Perunamuusi pakaste 350g, Unit Price: 2,79 €, Comparison Price: 7,97 €/kg
Product: Coop röstiperunat 700 g pakaste, Unit Price: 2,80 €, Comparison Price: 4,00 €/kg
Product: Oolannin muusiperuna 400g, Unit Price: 2,79 €, Comparison Price: 6,98 €/kg
Product: Oolannin poimutetut lankkuperunat 400g, Unit Price: 3,05 €, Comparison Price: 7,62 €/kg
Product: Oolannin ristikkoperunat 400g, Unit Price: 3,05 €, Comparison Price: 7,62 €/kg
Product: Coop perunamuusi 600 g pakaste, Unit Price: 2,40 €, Comparison Price: 4,00 €/kg
Product: Apetit Kotimainen Perunasuikale pakaste 1kg, Unit Price: 2,29 €, Comparison Price: 2,29 €/kg
Product: Apetit Kotimainen Valkosipulikermaperunat pakaste 700g, Unit Price: 3,19 €, Comparison Price: 4,56 €/kg
Product: Findus Pommes Noisettes perunapallot 350g, pakaste, Unit Price: 2,45 €, Comparison Price: 7,00 €/kg
Product: Apetit Yrttinen Perunamuusi pakaste 350g, Unit Price: 2,79 €, Comparison Price: 7,97 €/kg
Product: Findus Pommes Noisettes perunapallot 1000g, pakaste, Unit Price: 4,80 €, Comparison Price: 4,80 €/kg
Product: Oolannin luomu muusiperuna 400g, Unit Price: 2,99 €, Comparison Price: 7,48 €/kg
Product: Apetit Kotimainen Kermaperunat pakaste 700g, Unit Price: 3,19 €, Comparison Price: 4,56 €/kg
Product: Oolannin pannuperunat 400g, Unit Price: 2,79 €, Comparison Price: 6,98 €/kg
Product: Mummon Rapeat Pannuperunat 500 g, pakaste, Unit Price: 2,39 €, Comparison Price: 4,78 €/kg
Product: Ingman Rahkajogurtti maustamaton 200 g laktoositon, Unit Price: 0,79 €, Comparison Price: 3,95 €/kg
Product: Rainbow 750g perunaviipaleet pakaste, Unit Price: 2,05 €, Comparison Price: 2,73 €/kg
Product: Rainbow 750g valkosipulikermaperunat pakaste, Unit Price: 3,35 €, Comparison Price: 4,47 €/kg
Product: Apetit Porkkana-Perunamuusi pakaste 350g, Unit Price: 2,79 €, Comparison Price: 7,97 €/kg
Product: Apetit Kotimainen Aura-juustoperunat pakaste 700g, Unit Price: 3,19 €, Comparison Price: 4,56 €/kg
Product: Apetit Bataatti-kermaperunat pakaste 700g, Unit Price: 3,19 €, Comparison Price: 4,56 €/kg
Product: Apetit Kotimainen Juustokermaperunat pakaste 700g, Unit Price: 3,19 €, Comparison Price: 4,56 €/kg
Product: Coop kermaperunat vähälaktoosinen 750 g pakaste, Unit Price: 2,99 €, Comparison Price: 3,99 €/kg
Product: Coop perunaviipaleet 750 g pakaste, Unit Price: 2,05 €, Comparison Price: 2,73 €/kg
Product: House talouspaperiteline 30 cm, Unit Price: 8,95 €, Comparison Price: 
Product: SaveGaia kompostoitava ja biohajoava kestoveitsi 12kpl, Unit Price: 3,49 €, Comparison Price: 0,29 €/kpl
Product: Jupiter pyörän etuvalo 500 lm ja takavalo 30 lm, Unit Price: 29,95 €, Comparison Price: 
Product: Rainbow sinkki 15mg ravintolisä 66 g/120 purutablettia mansikan ja vadelman makuinen, Unit Price: 3,99 €, Comparison Price: 0,03 €/kpl
Product: Makrobios sinkkisitraatti 15 mg 100 tablettia 35g, Unit Price: 4,20 €, Comparison Price: 0,04 €/kpl
Product: Sana-sol sinkki 15mg - C-vitamiini 1000mg appelsiininmakuinen sinkki-C-vitamiiniporetabletti ravintolisä 20 poretablettia, Unit Price: 4,19 €, Comparison Price: 0,21 €/kpl
Product: Vitabalans sinkki Zn 90 tabl., mansikan ja vadelman makuinen purutabletti, Unit Price: 5,95 €, Comparison Price: 0,07 €/kpl
Product: Puhdistamo Tripla Sinkki + C 25 mg 60 kapselia, Unit Price: 10,49 €, Comparison Price: 0,17 €/kpl
Product: Sana-sol Sinkki+C-vitamiini tabletti ravintolisä 200tabl, Unit Price: 8,59 €, Comparison Price: 0,04 €/kpl
Product: Sana-sol Sinkkiasetaatti+C&D-vitamiini Mentoli imeskelytabletti ravintolisä 100tabl/120g, Unit Price: 9,29 €, Comparison Price: 0,09 €/kpl
Product: Vitatabs Sinkki sinkkisitraatti-C-vitamiinitabletti 120 tabl, Unit Price: 5,85 €, Comparison Price: 0,05 €/kpl
Product: Vida ravintolisävalmiste sinkki 25 mg + B6-vitamiini 120 tablettia/ 26 g, Unit Price: 8,95 €, Comparison Price: 0,07 €/kpl
Product: Puhdistamo Tripla Sinkki + C 25 mg 120 kapselia, Unit Price: 18,75 €, Comparison Price: 0,16 €/kpl
Product: Vire Sinkki + C-vitamiinivalmiste Sinkki 25 mg + C-vitamiini 100 tabl / 21 g, Unit Price: 6,95 €, Comparison Price: 0,07 €/kpl
Product: Vitatabs Sinkkiasetaatti sinkkitabletti lakritsi 60 tabl, Unit Price: 5,80 €, Comparison Price: 0,10 €/kpl
Product: Puhdas+ Tuplasinkki 25mg 22g/60kaps, Unit Price: 8,70 €, Comparison Price: 0,14 €/kpl
Product: Reformi Sinkki+C poretabletti mansikka 20tabl 90g ravintolisä, Unit Price: 6,20 €, Comparison Price: 0,31 €/kpl
Product: Vida Tripla Sinkki 25 mg + Kupari, C & B6 ravintolisä 120 kaps / 60 g, Unit Price: 16,39 €, Comparison Price: 0,14 €/kpl
Product: Vitatabs Sinkkiasetaatti sinkkitabletti mentoli-freshmint 60 tabl, Unit Price: 5,80 €, Comparison Price: 0,10 €/kpl
Product: Vida ravintolisävalmiste sinkki-asetaatti imesketävä sitruuna-inkivääri 63 tabettial / 54 g, Unit Price: 8,95 €, Comparison Price: 0,14 €/kpl
Product: Teho Sinkkiasetaatti 50 tabl. imeskelytabletti spearmint, Unit Price: 6,10 €, Comparison Price: 0,12 €/kpl
Product: Puhdas+ Tuplasinkki 25mg 120 kaps, Unit Price: 14,95 €, Comparison Price: 0,12 €/kpl
Product: Puhdas+ Sinkki&Echina&C-vitamiinisuihke 20ml, Unit Price: 13,80 €, Comparison Price: 690,00 €/l
Product: Hyvän Olon Echina-Sinkkiasetaatti-C-vitamiini 60 tabl Via Naturale, Unit Price: 6,80 €, Comparison Price: 0,11 €/kpl
Product: Estrella Super Snack Mix Suolattu Perunasnaksi 175g, Unit Price: 2,09 €, Comparison Price: 11,94 €/kg
Product: Maitokolmio FIT vähälaktoosinen pehmeä kermainen rahka 200g, Unit Price: 0,99 €, Comparison Price: 4,95 €/kg
Product: NIVEA 150ml Derma Skin Clear Anti-Blemish Scrub -kuorintavoide, Unit Price: 7,35 €, Comparison Price: 49,00 €/l
Product: 12 x Kotimaista Hiilihapotettu kivennäisvesi 0,33l, Unit Price: 6,69 €, Comparison Price: 1,23 €/l
Product: Nestlé Lion 40g vähärasvaista kaakaojauhetta sisältävä vohveli, brownien makuista täytettä, toffeeta ja vehnämuroja, kuorrutettu maitosuklaalla, Unit Price: 0,45 €, Comparison Price: 11,25 €/kg
Product: Poppies Trio minidonitsit 9 kpl 250 g, Unit Price: 3,49 €, Comparison Price: 12,64 €/kg
Product: Rainbow Veriappelsiini virvoitusjuoma 1,5l, Unit Price: 2,19 €, Comparison Price: 1,19 €/l
Product: Decorata lautasliina 25cm Kanervaoksat, Unit Price: 0,94 €, Comparison Price: 0,05 €/kpl
Product: Wellgio wc-paperi 8rl, Unit Price: 2,99 €, Comparison Price: 0,37 €/kpl
Product: Bio Luvil Classic Pyykinpesuaine Valkoisille vaatteille 920 ML 23 pesua, Unit Price: 5,39 €, Comparison Price: 5,86 €/l
Product: L'Oréal Paris Magic Retouch Dark Blonde Suihkutettava tyvisävyte 75ml, Unit Price: 8,39 €, Comparison Price: 111,87 €/l
Product: Marimekko 33cm Räsymatto vaaleanpunainen 20kpl lautasliina, Unit Price: 1,50 €, Comparison Price: 0,08 €/kpl
Product: Kara 200ml kookoskerma 24%, Unit Price: 1,35 €, Comparison Price: 6,75 €/l
Product: Rainbow 500ml mangosose, Unit Price: 1,69 €, Comparison Price: 3,38 €/l
Product: Rainbow Sinihomejuustomuru 150g, Unit Price: 2,98 €, Comparison Price: 19,87 €/kg
Product: Grite WC-paperi Blossom Recycled 8rll, Unit Price: 3,29 €, Comparison Price: 0,41 €/kpl
Product: Fanta Sitruuna Zero virvoitusjuoma muovipullo 0.5 L, Unit Price: 2,25 €, Comparison Price: 4,10 €/l
Product: Rainbow 500ml omenasose, Unit Price: 1,69 €, Comparison Price: 3,38 €/l
Product: LOTUS Just1 WC-paperi 6 rll, Unit Price: 5,49 €, Comparison Price: 0,92 €/kpl
Product: Xtra sokeriton appelsiini  virvoitusjuoma 1,5l, Unit Price: 1,15 €, Comparison Price: 0,50 €/l
Product: LV 1,5l Color pyykinpesuneste täyttöpussi, Unit Price: 5,19 €, Comparison Price: 3,46 €/l
Product: Rainbow Color pyykinpesuneste värillisille tekstiileille 900ml, Unit Price: 2,19 €, Comparison Price: 2,43 €/l
Product: Fazer Jaffa Vihreät kuulat leivoskeksi 300g, Unit Price: 2,69 €, Comparison Price: 8,97 €/kg
Product: Havi lautasliina tissue vaaleansininen 24cm 20kpl, Unit Price: 0,62 €, Comparison Price: 0,03 €/kpl
Product: Castelli Pecorino Romano tuoreraaste 50 g, Unit Price: 1,85 €, Comparison Price: 37,00 €/kg
Product: Estrella Ruskistettu voi & Chili sipsi 275g, Unit Price: 2,99 €, Comparison Price: 10,87 €/kg
Product: Herbina 50ml Hajusteeton kuivashampoo, Unit Price: 2,45 €, Comparison Price: 49,00 €/l
Product: Rainbow Sensitive Color pyykinpesuneste värillisille tekstiileille, Unit Price: 2,49 €, Comparison Price: 2,49 €/l
Product: Tamminen luomukaritsan jauheliha 15% 300g, Unit Price: 5,99 €, Comparison Price: 19,97 €/kg
Product: 24 x Hartwall Jaffa Appelsiini Sokeriton virvoitusjuoma 0,33 l, Unit Price: 15,49 €, Comparison Price: 1,65 €/l
Product: Tamminen luomu nauta-sikajauheliha 20% 300g, Unit Price: 5,79 €, Comparison Price: 19,30 €/kg
Product: Kampamies yleiskampa tiheä/harva 2kpl, Unit Price: 2,15 €, Comparison Price: 1,08 €/kpl
Product: Valio Mustaleima™ e130 g raaste, Unit Price: 2,69 €, Comparison Price: 20,69 €/kg
Product: Airwick Essential Mist Lavender Täyttö 20ML, Unit Price: 4,99 €, Comparison Price: 249,50 €/l
Product: Kampamies EKO pieni selvityskampa, Unit Price: 2,50 €, Comparison Price: 
Product: Garnier Nutrisse Ultra Créme 6.41 Dark Copper Blonde Tumma Kuparinvaalea kestoväri 1kpl, Unit Price: 8,99 €, Comparison Price: 
Product: Rainbow WC-puhdistaja 750 ml, Unit Price: 1,79 €, Comparison Price: 2,39 €/l
Product: Fanta Appelsiini virvoitusjuoma muovipullo 0,5 L, Unit Price: 2,35 €, Comparison Price: 4,30 €/l
Product: Fanta Appelsiini Zero virvoitusjuoma muovipullo 1,5 L, Unit Price: 1,60 €, Comparison Price: 0,80 €/l
Product: Bio Luvil Color Pyykinpesuaine Värillisille vaatteille 920 ml 23 pesua, Unit Price: 5,39 €, Comparison Price: 5,86 €/l
Product: LV 1,5l Color Pyykinpesuneste, Unit Price: 5,99 €, Comparison Price: 3,99 €/l
Product: Mrs Darlington`s Sitruunatahna 320g, Unit Price: 3,24 €, Comparison Price: 10,13 €/kg
Product: Hartwall Jaffa Appelsiini virvoitusjuoma 1,5 l, Unit Price: 2,99 €, Comparison Price: 1,73 €/l
Product: Herbina 200ml Sensitive hajusteeton kuivashampoo, Unit Price: 5,15 €, Comparison Price: 25,75 €/l
Product: Valio Luonnonjogurtti+™ mango & persikka 150 g ei lisättyä sokeria, laktoositon, Unit Price: 0,85 €, Comparison Price: 5,67 €/kg
Product: Rainbow Appelsiini virvoitusjuoma 0,5 l kmp, Unit Price: 0,89 €, Comparison Price: 1,38 €/l
Product: LOTUS Emilia valkoinen 1/2 arkki talouspaperi 4 rll, Unit Price: 2,89 €, Comparison Price: 0,72 €/kpl
Product: Batiste Ocean Breeze Kuivashampoo 200ml, Unit Price: 3,99 €, Comparison Price: 19,95 €/l
Product: Spice Up! Kondensoitu kookosmaito 320g, Unit Price: 3,09 €, Comparison Price: 9,66 €/kg
Product: Joanna Power men hiusväri 04 Natural brown permanent, Unit Price: 3,39 €, Comparison Price: 
Product: Fanta Appelsiini virvoitusjuoma muovipullo 1,5 L, Unit Price: 2,95 €, Comparison Price: 1,70 €/l
Product: Cailap Selvityskampa, Unit Price: 1,90 €, Comparison Price: 
Product: Cailap Lankadonitsi musta 2 kpl, Unit Price: 2,90 €, Comparison Price: 1,45 €/kpl
Product: Kotimaista sinileima Emmentaljuustoraaste 150 g, Unit Price: 2,55 €, Comparison Price: 17,00 €/kg
Product: Naturdiet VLCD suklaa shake 330ml, Unit Price: 2,05 €, Comparison Price: 6,21 €/l
Product: Havi 50kpl/33cm valkoinen tissue lautasliina, Unit Price: 2,06 €, Comparison Price: 0,04 €/kpl
Product: Santa Maria Kookoskerma 250 ml, Unit Price: 1,79 €, Comparison Price: 7,16 €/l
Product: Valio pizzajuusto e400 g raaste, Unit Price: 5,79 €, Comparison Price: 14,48 €/kg
Product: Decorata lautasliina 33cm Kanervaoksat, Unit Price: 1,22 €, Comparison Price: 0,06 €/kpl
Product: Del Monte 230g Ananasmurska mehussa, Unit Price: 0,49 €, Comparison Price: 3,38 €/kg
Product: Bonne Mango-ananas-minttusose 0,5L, Unit Price: 3,46 €, Comparison Price: 6,92 €/l
Product: VietCoco kookoskerma 22-24% 400ml, Unit Price: 1,00 €, Comparison Price: 2,50 €/l
Product: Kotimaista pizzajuustoraaste 150 g, Unit Price: 2,65 €, Comparison Price: 17,67 €/kg
Product: Coop hedelmäcocktail sokeriliemessä 825/500 g, Unit Price: 0,99 €, Comparison Price: 1,98 €/kg
Product: Apetit Kasvissuikaleet pakaste 250g, Unit Price: 0,99 €, Comparison Price: 3,96 €/kg
Product: Nutrilett Premium Dark Chocolate bar ateriankorvikepatukka painonhallintaan 4x59g, Unit Price: 6,39 €, Comparison Price: 26,63 €/kg
Product: Go-Tan Easy coconut milk 500ml, Unit Price: 3,45 €, Comparison Price: 6,90 €/l
Product: Rainbow Appelsiini Sokeriton virvoitusjuoma 0,5 l kmp, Unit Price: 0,89 €, Comparison Price: 1,38 €/l
Product: XZ 200ml Mustikka hoitoaine, Unit Price: 2,89 €, Comparison Price: 14,45 €/l
Product: Cailap pyöröharja ekologinen vehnäkuitu-muovi, Unit Price: 4,95 €, Comparison Price: 
Product: La Mortuacienne Rieme Mandariini Virvoitusjuoma 1L, Unit Price: 7,39 €, Comparison Price: 7,29 €/l
Product: Old El Paso 193g Stand'n'Stuff Soft Taco Boats, Unit Price: 1,75 €, Comparison Price: 9,07 €/kg
Product: 227/139g Dole Tropical Gold Ananaspaloja mehussa, Unit Price: 1,39 €, Comparison Price: 10,00 €/kg
Product: Coop ananasmurska täysmehussa 227/140 g, Unit Price: 0,58 €, Comparison Price: 4,14 €/kg
Product: Erisan Hajusteeton Biohajoava Pyykinpesuneste 850ml, Unit Price: 4,89 €, Comparison Price: 5,75 €/l
Product: L'Oréal Paris Casting Crème Gloss 400 Brown Keskiruskea kevytväri 1kpl, Unit Price: 9,79 €, Comparison Price: 
Product: Coop roskapussit kierrätysmuovi 30l 20kpl, Unit Price: 1,99 €, Comparison Price: 0,10 €/kpl
Product: ELO COCO Kookosmaito 330ml, Unit Price: 1,85 €, Comparison Price: 5,61 €/l
Product: Aussie Deep Hydration 200ml hoitoaine, Unit Price: 5,79 €, Comparison Price: 28,95 €/l
Product: Xtra Color pyykinpesuneste 2 l, Unit Price: 2,85 €, Comparison Price: 1,43 €/l
Product: Rainbow Appelsiini virvoitusjuoma 1,5 l kmp, Unit Price: 1,65 €, Comparison Price: 0,83 €/l
Product: Coop persikat puolikkaina sokeriliemessä 410/240 g, Unit Price: 1,49 €, Comparison Price: 6,21 €/kg
Product: Xtra Sensitive Color pyykinpesuneste 2 l, Unit Price: 2,85 €, Comparison Price: 1,43 €/l
Product: House joogamatto Print 5 mm, Unit Price: 12,95 €, Comparison Price: 
Product: Dr Beckmann 40kpl Värin- ja liankerääjä, Unit Price: 8,29 €, Comparison Price: 0,21 €/kpl
Product: ONNI Pyykkietikka 750 ml Laventeli, Unit Price: 3,59 €, Comparison Price: 4,79 €/l
Product: Decorata lautasliina 25cm Pinkki perhonen, Unit Price: 0,94 €, Comparison Price: 0,05 €/kpl
Product: Sanytol 1l Desinfiointiaine vaatteille, Unit Price: 6,19 €, Comparison Price: 6,19 €/l
Product: Dr Beckmann 24kpl Värin- ja liankerääjä, Unit Price: 5,49 €, Comparison Price: 0,23 €/kpl
Product: Serto Tunturipuro Pyykkietikka 475ml, Unit Price: 5,69 €, Comparison Price: 11,98 €/l
Product: Serto Hajusteeton Pyykkietikka 475ml, Unit Price: 5,69 €, Comparison Price: 11,98 €/l
Product: Serto Marjametsä Pyykkietikka 475ml, Unit Price: 5,69 €, Comparison Price: 11,98 €/l
Product: Dr Beckmann 5x40g Super Valkaisija, Unit Price: 5,59 €, Comparison Price: 27,95 €/kg
Product: Dr Beckmann 40g Pyykinpesukoneen puhdistustabletit, Unit Price: 4,49 €, Comparison Price: 2,25 €/kpl
Product: Dr Beckmann 250g Pyykinpesukoneen puhdistusjauhe, Unit Price: 4,79 €, Comparison Price: 19,16 €/kg
Product: Softcare 500ml Kodintekstiilipesu, Unit Price: 6,59 €, Comparison Price: 13,18 €/l
Product: Dr. Beckmann 15kpl Valkaisijaliina, Unit Price: 4,19 €, Comparison Price: 0,28 €/kpl
Product: Omo Pesukoneenpuhdistaja 3x40g, Unit Price: 4,39 €, Comparison Price: 36,58 €/kg
Product: Dylon Colour Catcher 15 kpl värinkerääjä, Unit Price: 3,49 €, Comparison Price: 0,23 €/kpl
Product: Batiste Colour Dry Shampoo Dark Hair kuivashampoo 200ml, Unit Price: 3,99 €, Comparison Price: 19,95 €/l
Product: Lysol desinfioiva pyykinpesukoneen puhdistaja 250ml, Unit Price: 4,49 €, Comparison Price: 17,96 €/l
Product: Sanytol Desinfiointiaine vaatteille 0%, 1l, Unit Price: 6,49 €, Comparison Price: 6,49 €/l
Product: Dr Beckmann 1kpl Värin- ja liankerääjä kestokäyttöliina, Unit Price: 5,69 €, Comparison Price: 
Product: Dr Beckmann 500ml Hajunpoistaja, Unit Price: 5,79 €, Comparison Price: 11,58 €/l
Product: Coop hedelmäcocktail sokeriliemessä 825/500 g, Unit Price: 0,99 €, Comparison Price: 1,98 €/kg
Product: Rainbow hedelmäcocktail mehussa 415/250 g, Unit Price: 1,95 €, Comparison Price: 7,80 €/kg
Product: Rainbow 400g/250g hedelmäkuutiot mehussa, Unit Price: 2,69 €, Comparison Price: 10,76 €/kg
Product: Del Monte 415g/250g Hedelmäcocktail mehussa, Unit Price: 2,65 €, Comparison Price: 10,60 €/kg
Product: Del Monte 420g Hedelmäcocktail kevyessä sokeriliemessä, Unit Price: 2,45 €, Comparison Price: 9,80 €/kg
Product: Coop hedelmäcocktail sokeriliemessä 420/250 g, Unit Price: 0,95 €, Comparison Price: 3,80 €/kg
Product: Den Lille Nøttefabrikken Nøtti Frutti Pähkinä-hedelmäsekoitus190g, Unit Price: 3,65 €, Comparison Price: 19,21 €/kg
Product: ONNI Pyykkietikka 750 ml Puhdas-Pellava, Unit Price: 3,59 €, Comparison Price: 4,79 €/l
Product: COMFORT Blue Skies Huuhteluaine Mieto ja puhdas tuoksu 762 ml 42 pesua, Unit Price: 2,79 €, Comparison Price: 3,66 €/l
Product: RULLA BAKLAVA, Unit Price: 6,79 €, Comparison Price: 29,52 €/kg
Product: COMFORT Pure Huuhteluaine Hypoallergeeninen 762 ml 42 pesua, Unit Price: 2,79 €, Comparison Price: 3,66 €/l
Product: Rainbow 1l pyykkietikka greippi, Unit Price: 4,29 €, Comparison Price: 4,29 €/l
Product: ONNI Pyykkietikka 750 ml Vanilja-Kirsikka, Unit Price: 3,59 €, Comparison Price: 4,79 €/l
Product: ONNI Pyykkietikka 750 ml Laventeli, Unit Price: 3,59 €, Comparison Price: 4,79 €/l
Product: Comfort  Peony  Huuhteluaine  Mieto ja puhdas tuoksu   762 ml 42 pesua, Unit Price: 2,79 €, Comparison Price: 3,66 €/l
Product: ONNI Pyykkietikka 750 ml Omena, Unit Price: 3,59 €, Comparison Price: 4,79 €/l
Product: Rainbow 750ml sensitive tekstiilien huuhteluaine hajusteeton, Unit Price: 1,69 €, Comparison Price: 2,25 €/l
Product: Comfort Refresh Blue Skies Huuhteluaine  Mieto tuoksu   1800 ml 100 pesua, Unit Price: 5,79 €, Comparison Price: 3,22 €/l
Product: ONNI Pyykkietikka 750 ml Bergamot-Lime, Unit Price: 3,59 €, Comparison Price: 4,79 €/l
Product: Serto Lounatuuli huuhteluaine 750 ml, Unit Price: 2,59 €, Comparison Price: 3,45 €/l
Product: Rainbow Tekstiilien huuhteluaine Pink peony 750ml, Unit Price: 1,69 €, Comparison Price: 2,25 €/l
Product: ONNI Pyykkietikka Hajusteeton 750 ml, Unit Price: 3,59 €, Comparison Price: 4,79 €/l
Product: Comfort  Sensitive  Huuhteluaine   750 ml, Unit Price: 2,75 €, Comparison Price: 3,67 €/l
Product: Heti 500ml Pyykkietikka raikas, Unit Price: 5,85 €, Comparison Price: 11,70 €/l
Product: Rainbow 750ml Fresh Lavender tekstiilien huuhteluaine, Unit Price: 1,69 €, Comparison Price: 2,25 €/l
Product: Serto Aamukaste Pyykkietikka 475ml, Unit Price: 5,69 €, Comparison Price: 11,98 €/l
Product: Softlan Perfumed Freshness Red Fruits & Jasmine huuhteluaine 650ml, Unit Price: 2,09 €, Comparison Price: 3,22 €/l
Product: Comfort  Huuhteluaine Peony & Rose  762ml, Unit Price: 2,79 €, Comparison Price: 3,66 €/l
Product: LV 750 ml huuhteluainetiiviste, Unit Price: 2,49 €, Comparison Price: 3,32 €/l
Product: Rainbow 1l pyykkietikka piparminttu, Unit Price: 4,29 €, Comparison Price: 4,29 €/l
Product: Softlan Perfumed Freshness Coconut & White Flowers huuhteluaine 650ml, Unit Price: 2,09 €, Comparison Price: 3,22 €/l
Product: Sanytol 500ml Desinfiointiaine vaatteille, Unit Price: 4,29 €, Comparison Price: 8,58 €/l
Product: Dr Beckmann 250ml Pyykinpesukoneen puhdistaja, Ocean Breeze, Unit Price: 4,85 €, Comparison Price: 19,40 €/l
Product: Softlan Ultra Vanilla & Orchid huuhteluaine 1000ml, Unit Price: 2,79 €, Comparison Price: 2,79 €/l
Product: Annas Original piparkakku 300g, Unit Price: 1,29 €, Comparison Price: 4,30 €/kg
Product: Aino kahvinkeitinharja, Unit Price: 2,59 €, Comparison Price: 
Product: Maitokolmio FIT laktoositon pehmeä jogurttirahka 200g, Unit Price: 0,65 €, Comparison Price: 3,25 €/kg
Product: Softcare 300ml Power Hajunpoistaja, Unit Price: 7,49 €, Comparison Price: 24,97 €/l
Product: Rosten Pumppernikkeli 85g, Unit Price: 1,95 €, Comparison Price: 26,00 €/kg
Product: Softcare 500 ml Kodintekstiilisuoja, Unit Price: 13,49 €, Comparison Price: 26,98 €/l
Product: Paraisten Prinssi & Prinsessa 200g, Unit Price: 4,19 €, Comparison Price: 20,95 €/kg
Product: Dr Beckmann 10kpl Värin- ja liankerääjä Ultra, Unit Price: 5,89 €, Comparison Price: 0,59 €/kpl
Product: Kotimaista Piparkakku 400g, Unit Price: 1,29 €, Comparison Price: 3,23 €/kg
Product: Dr. Beckmann 10kpl Värinkirkastaja, Unit Price: 4,59 €, Comparison Price: 0,46 €/kpl
Product: Leipomo Axo sydänhyvä piparkakku punainen 230g, Unit Price: 4,69 €, Comparison Price: 20,39 €/kg
Product: Rainbow 175g ohut piparkakku, Unit Price: 0,99 €, Comparison Price: 5,66 €/kg
Product: Elonen suklainen piparkakku 200g, Unit Price: 1,34 €, Comparison Price: 6,70 €/kg
Product: Xtra jalapenoviipaleet 295/160 g, Unit Price: 0,83 €, Comparison Price: 5,19 €/kg
Product: Kotimaista ohut piparkakku 375 g, Unit Price: 2,69 €, Comparison Price: 7,17 €/kg
Product: Semper Gluteeniton Piparkakku 150g, Unit Price: 3,69 €, Comparison Price: 24,60 €/kg
Product: Tasangon pipari 300g, Unit Price: 1,79 €, Comparison Price: 5,97 €/kg
Product: Annas Moomin mustikka & vanilja piparkakku 150g, Unit Price: 1,95 €, Comparison Price: 13,00 €/kg
Product: Elonen piparkakku 200g, Unit Price: 1,95 €, Comparison Price: 9,75 €/kg
Product: Rainbow ananasviipaleet ananasmehussa 227g/140g, Unit Price: 0,89 €, Comparison Price: 6,50 €/kg
Product: Fazer Suklaapiparkakku 175 g, Unit Price: 2,45 €, Comparison Price: 14,00 €/kg
Product: Apetit Kotimainen Peruna&keittokasvis pakaste 750g, Unit Price: 2,15 €, Comparison Price: 2,87 €/kg
Product: Kotimaista Keittojuurekset pakaste 200g, Unit Price: 0,49 €, Comparison Price: 2,45 €/kg
Product: Kotimaista Vihannessekoitus pakaste 250g, Unit Price: 0,65 €, Comparison Price: 2,60 €/kg
Product: Xtra broccoli mix pakaste 1 kg, Unit Price: 1,95 €, Comparison Price: 1,95 €/kg
Product: Vanajan Ohut Suklaapipari 200g, Unit Price: 2,15 €, Comparison Price: 10,75 €/kg
Product: Apetit Kruunusekoitus vihannessekoitus pakaste 300g, Unit Price: 1,99 €, Comparison Price: 6,63 €/kg
Product: Erisan Hajusteeton Biohajoava Pyykinpesuneste 1.5l, Unit Price: 7,65 €, Comparison Price: 5,10 €/l
Product: Rainbow Color Sensitive pyykinpesuneste värillisille tekstiileille 900 ml, Unit Price: 2,19 €, Comparison Price: 2,43 €/l
Product: LV 75 ml Kuorintavoide kasvoille, Unit Price: 6,45 €, Comparison Price: 86,00 €/l
Product: Erisan Hajusteeton Biohajoava Pyykinpesuneste 850ml, Unit Price: 4,89 €, Comparison Price: 5,75 €/l
Product: Apetit Herne-maissi-paprika pakaste 200g, Unit Price: 0,95 €, Comparison Price: 4,75 €/kg
Product: Apetit Kotimainen Keittojuures pakaste 200g, Unit Price: 0,62 €, Comparison Price: 3,10 €/kg
Product: Omo Sensitive Nestemäinen pyykinpesuaine Hajusteeton 920 ml 23 pesua, Unit Price: 5,49 €, Comparison Price: 5,97 €/l
Product: Coop Taste of Asia wokvihannekset Thai 500 g pakaste, Unit Price: 1,45 €, Comparison Price: 2,90 €/kg
Product: Omo Color Sensitive Nestemäinen pyykinpesuaine Hajusteeton 920 ml 23 pesua, Unit Price: 5,49 €, Comparison Price: 5,97 €/l
Product: Xtra wokmix vihannessekoitus pakaste 1 kg, Unit Price: 1,98 €, Comparison Price: 1,98 €/kg
Product: Rainbow Sensitive Color pyykinpesuneste värillisille tekstiileille, Unit Price: 2,49 €, Comparison Price: 2,49 €/l
Product: Apetit Kasvissuikaleet pakaste 250g, Unit Price: 0,99 €, Comparison Price: 3,96 €/kg
Product: Bio Luvil Sensitive Color Pyykinpesuaine Hajusteeton 920 ml 23 pesua, Unit Price: 5,39 €, Comparison Price: 5,86 €/l
Product: Coop peruna ja keittojuurekset 750 g pakaste, Unit Price: 1,15 €, Comparison Price: 1,53 €/kg
Product: Coop herne-maissi-paprika 200 g pakaste, Unit Price: 0,65 €, Comparison Price: 3,25 €/kg
Product: Apetit Vihannessekoitus pakaste 250 g, Unit Price: 0,75 €, Comparison Price: 3,00 €/kg
Product: Bio Luvil Color Pyykinpesuaine Värillisille vaatteille 920 ml 23 pesua, Unit Price: 5,39 €, Comparison Price: 5,86 €/l
Product: Apetit Sadonkorjuukasvikset kasvissekoitus pakaste 300g, Unit Price: 1,99 €, Comparison Price: 6,63 €/kg
Product: Omo Color Nestemäinen pyykinpesuaine Värillisille vaatteille 920 ml 23 pesua, Unit Price: 5,49 €, Comparison Price: 5,97 €/l
Product: Rainbow 1l pyykkietikka greippi, Unit Price: 4,29 €, Comparison Price: 4,29 €/l
Product: Kotimaista 6x0,5l lähdevesi, Unit Price: 2,90 €, Comparison Price: 0,57 €/l
Product: Heti 500ml Pyykkietikka raikas, Unit Price: 5,85 €, Comparison Price: 11,70 €/l
Product: Apetit Herne-maissi-porkkana pakaste 200g, Unit Price: 1,09 €, Comparison Price: 5,45 €/kg
Product: Lumme Kirjopyykki Sensitive hajusteeton pyykinpesuneste 750ml, Unit Price: 3,89 €, Comparison Price: 5,19 €/l
Product: Rainbow 1l pyykkietikka piparminttu, Unit Price: 4,29 €, Comparison Price: 4,29 €/l
Product: Coop keittojuurekset 450 g pakaste, Unit Price: 0,99 €, Comparison Price: 2,20 €/kg
Product: Heti 500ml Pyykkietikka mieto, Unit Price: 5,85 €, Comparison Price: 11,70 €/l
Product: Xtra Sensitive Color pyykinpesuneste 2 l, Unit Price: 2,85 €, Comparison Price: 1,43 €/l
Product: Findus Wok Classic Style 450g, pakaste, Unit Price: 2,95 €, Comparison Price: 6,56 €/kg
Product: LV 1,5l Color pyykinpesuneste täyttöpussi, Unit Price: 5,19 €, Comparison Price: 3,46 €/l
Product: Ole hyvä pyykkietikka piparminttu, Unit Price: 7,19 €, Comparison Price: 11,98 €/l
Product: Rainbow Color pyykinpesuneste värillisille tekstiileille 900ml, Unit Price: 2,19 €, Comparison Price: 2,43 €/l
Product: Dylon 2x50g Black Renovator värinpalauttaja, Unit Price: 3,29 €, Comparison Price: 1,65 €/kpl
Product: Coop parsakaali-kukkakaali-porkkanasekoitus 750 g pakaste, Unit Price: 2,75 €, Comparison Price: 3,67 €/kg
Product: Rainbow Color pyykinpesuneste värillisille tekstiileille 1l, Unit Price: 2,49 €, Comparison Price: 2,49 €/l
Product: Apetit Puutarhurin sekoitus kasvissekoitus pakaste 300g, Unit Price: 1,99 €, Comparison Price: 6,63 €/kg
Product: Nitor Tekstiiliväri All in one 230g musta, Unit Price: 5,95 €, Comparison Price: 25,87 €/kg
Product: Xtra Color pyykinpesuneste 2 l, Unit Price: 2,85 €, Comparison Price: 1,43 €/l
Product: Nitor Tekstiiliväri All in one 350g musta, Unit Price: 7,25 €, Comparison Price: 20,71 €/kg
Product: Omo Color Pyykinpesuaine Värillisille vaatteille 2600 ml 65 pesua, Unit Price: 10,99 €, Comparison Price: 4,23 €/l
Product: Nitor Tekstiiliväri All in one 230g smaragdi, Unit Price: 5,95 €, Comparison Price: 25,87 €/kg
Product: Coop Taste of Asia wokvihannekset Malay 400 g pakaste, Unit Price: 0,99 €, Comparison Price: 2,47 €/kg
Product: Omo Color Sensitive Pyykinpesuaine 2,6 L, Unit Price: 10,99 €, Comparison Price: 4,23 €/l
Product: Fazer Domino Original keksi 350g, Unit Price: 3,99 €, Comparison Price: 11,40 €/kg
Product: Nitor Tekstiiliväri All in one  230g mariini, Unit Price: 5,95 €, Comparison Price: 25,87 €/kg
Product: Apetit Kotimainen Luomu Peruna & keittokasvis pakaste 750g, Unit Price: 2,89 €, Comparison Price: 3,85 €/kg
Product: Xtra mariekeksi 200 g, Unit Price: 0,45 €, Comparison Price: 2,25 €/kg
Product: Kotimaista kevyesti hiilihapotettu kivennäisvesi 1,5 l kmp, Unit Price: 1,35 €, Comparison Price: 0,63 €/l
Product: Kantolan Ballerina vadelma täytekeksi 190g, Unit Price: 1,59 €, Comparison Price: 8,37 €/kg
Product: Nitor Tekstiiliväri All in one 230g keltainen, Unit Price: 5,95 €, Comparison Price: 25,87 €/kg
Product: Vanajan Suklaasade suklaahippukeksi 350g, Unit Price: 2,19 €, Comparison Price: 6,26 €/kg
Product: LV 1,5l Color Pyykinpesuneste, Unit Price: 5,99 €, Comparison Price: 3,99 €/l
Product: Fazer Domino Original keksi 525g, Unit Price: 5,95 €, Comparison Price: 11,33 €/kg
Product: Kotimaista Kivennäisvesi vadelma kevyesti hiilihapotettu 1,5l, Unit Price: 1,35 €, Comparison Price: 0,63 €/l
Product: Havi Muistoksi-lyhty hautakynttilä 1kpl, Unit Price: 0,99 €, Comparison Price: 
Product: Fazer Domino Mokkapala täytekeksi 350 g, Unit Price: 3,99 €, Comparison Price: 11,40 €/kg
Product: Dylon 350g W&D Velvet Black Konetekstiiliväri, Unit Price: 6,69 €, Comparison Price: 19,11 €/kg
Product: LU Bastogne keksi 200g, Unit Price: 2,35 €, Comparison Price: 11,75 €/kg
Product: Apetit Aurinkokasvikset kasvissekoitus pakaste 300g, Unit Price: 2,09 €, Comparison Price: 6,97 €/kg
Product: Bio Luvil Classic Pyykinpesuaine Valkoisille vaatteille 920 ML 23 pesua, Unit Price: 5,39 €, Comparison Price: 5,86 €/l
Product: Nitor Tekstiiliväri All in one 230g violetti, Unit Price: 5,95 €, Comparison Price: 25,87 €/kg
Product: Oreo Remix Raspberry & vanilla  täytekeksi 157g, Unit Price: 2,15 €, Comparison Price: 13,69 €/kg
Product: Xtra hiilihapotettu kivennäisvesi 1,5l, Unit Price: 0,85 €, Comparison Price: 0,30 €/l
Product: Lumme Kirjopyykki pyykinpesuneste 750ml, Unit Price: 3,89 €, Comparison Price: 5,19 €/l
Product: Fazer Domino Original keksi 175g, Unit Price: 2,29 €, Comparison Price: 13,09 €/kg
Product: Fazer Jyväshyvä Suklaapisara kaurakeksi 350g, Unit Price: 3,09 €, Comparison Price: 8,83 €/kg
Product: Apetit Suikalejuurekset pakaste 180g, Unit Price: 0,99 €, Comparison Price: 5,50 €/kg
Product: Kotimaista Kivennäisvesi sitruuna kevyesti hiilihapotettu 1,5l, Unit Price: 1,35 €, Comparison Price: 0,63 €/l
Product: Nitor Tekstiiliväri All in one 230g punainen, Unit Price: 5,95 €, Comparison Price: 25,87 €/kg
Product: Apetit Kotimainen Wok Vihannekset pakaste 450g, Unit Price: 2,49 €, Comparison Price: 5,53 €/kg
Product: Fazer Domino Choco Fazerina keksi 180 g, Unit Price: 2,95 €, Comparison Price: 16,39 €/kg
Product: Lotus Biscoff karamellisoitu keksi 250g, Unit Price: 1,89 €, Comparison Price: 7,56 €/kg
Product: A+ 1600ml Color Joutsenmerkki pyykinpesuneste, Unit Price: 4,99 €, Comparison Price: 3,12 €/l
Product: Nitor Yleisväri 15g laivastonsininen 20, Unit Price: 2,39 €, Comparison Price: 159,33 €/kg
Product: 24 x Hartwall Novelle Citronelle kivennäisvesi 0,33 l, Unit Price: 9,29 €, Comparison Price: 0,87 €/l
Product: Oreo Remix Tiramisu&vanilla täytekeksi 157g, Unit Price: 2,15 €, Comparison Price: 13,69 €/kg
Product: Nitor Yleisväri 15g musta 17, Unit Price: 2,39 €, Comparison Price: 159,33 €/kg
Product: Elgorriaga sitruunakeksi 240g, Unit Price: 1,39 €, Comparison Price: 5,79 €/kg
Product: Kantolan Kulta Marie keksi 200g, Unit Price: 1,59 €, Comparison Price: 7,95 €/kg
Product: 24 x Hartwall Novelle kivennäisvesi 0,33 l, Unit Price: 9,29 €, Comparison Price: 0,87 €/l
Product: Omo Color Sensitive Nestemäinen pyykinpesuaine Hajusteeton 1.84 L 46 pesua, Unit Price: 8,99 €, Comparison Price: 4,89 €/l
Product: Kantolan Kulta Muro keksi 225g, Unit Price: 1,95 €, Comparison Price: 8,67 €/kg
Product: Nitor Tekstiiliväri All in one 350g mariini, Unit Price: 7,25 €, Comparison Price: 20,71 €/kg
Product: Fazer Domino Mustikkapiirakka täytekeksi 175g, Unit Price: 2,29 €, Comparison Price: 13,09 €/kg
Product: Nitor Tekstiiliväri All in one 230g ruskea, Unit Price: 5,95 €, Comparison Price: 25,87 €/kg
Product: Kotimaista 10l lähdevesi, Unit Price: 3,05 €, Comparison Price: 0,31 €/l
Product: Xtra täytekeksi vanilja 250 g, Unit Price: 0,65 €, Comparison Price: 2,60 €/kg
Product: WAU! Pyykinpesuneste 1,5 L Sensitive, Unit Price: 2,89 €, Comparison Price: 1,93 €/l
Product: 6xKotimaista kevyesti hiilihapotettu kivennäisvesi 1,5 l kmp, Unit Price: 6,29 €, Comparison Price: 0,43 €/l
Product: Surf Pyykinpesuneste Tropical Lily & Ylang ylang 1400 ml, Unit Price: 4,99 €, Comparison Price: 3,56 €/l
Product: Rainbow maitosuklaa-kaurakeksi 300g, Unit Price: 1,59 €, Comparison Price: 5,30 €/kg
Product: Kotimaista kevyesti hiilihapotettu kivennäisvesi 0,5 l kmp, Unit Price: 0,69 €, Comparison Price: 0,98 €/l
Product: Nitor Tekstiiliväri All in one 350g harmaa, Unit Price: 7,25 €, Comparison Price: 20,71 €/kg
Product: Fazer Domino Kesälajitelma 525g, Unit Price: 5,95 €, Comparison Price: 11,33 €/kg
Product: Cafe au Lu Bastogne Duo keksi 260g, Unit Price: 2,69 €, Comparison Price: 10,35 €/kg
Product: Värska Originaal luonnon mineraalivesi , hiilihapollinen 1,5L PET, Unit Price: 1,79 €, Comparison Price: 0,93 €/l
Product: Nitor Tekstiiliväri All in one 230g harmaa, Unit Price: 5,95 €, Comparison Price: 25,87 €/kg
Product: Fazer Suklaalehti suklaakeksi 185g, Unit Price: 4,09 €, Comparison Price: 22,11 €/kg
Product: Fazer Domino Super Original keksi 345g, Unit Price: 4,35 €, Comparison Price: 12,61 €/kg
Product: 24 x Hartwall Novelle Vadelma-veriappelsiini kivennäisvesi 0,33 l, Unit Price: 9,29 €, Comparison Price: 0,87 €/l
Product: Muumi 200g suklaakeksit, Unit Price: 4,29 €, Comparison Price: 21,45 €/kg
Product: Filipinos 128g Maitosuklaakeksi, Unit Price: 1,85 €, Comparison Price: 14,45 €/kg
Product: Rahka-Jogurtti 0,9 % 250 g, Unit Price: 0,99 €, Comparison Price: 3,96 €/kg
Product: Kotimaista Kivennäisvesi karpalo 1,5l, Unit Price: 1,35 €, Comparison Price: 0,63 €/l
Product: Fazer Domino Marianne keksi 350g, Unit Price: 3,99 €, Comparison Price: 11,40 €/kg
Product: Hartwall Novelle kivennäisvesi 0,5 l, Unit Price: 1,99 €, Comparison Price: 3,58 €/l
Product: Vanajan Suklaakaurakeksi 300 g, Unit Price: 2,59 €, Comparison Price: 8,63 €/kg
Product: Oreo Original täytekeksi 154g, Unit Price: 2,15 €, Comparison Price: 13,96 €/kg
Product: Kotimaista Kivennäisvesi vadelma kevyesti hiilihapotettu 0,5l, Unit Price: 0,89 €, Comparison Price: 1,38 €/l
Product: Xtra täytekeksi kaakao 500 g, Unit Price: 1,59 €, Comparison Price: 3,18 €/kg
Product: Oreo Original täytekeksi 3X154g=462g, Unit Price: 5,05 €, Comparison Price: 10,93 €/kg
Product: 24-pack Bonaqua Villivadelma 0,33 l muovipullo kivennäisvesi, Unit Price: 10,99 €, Comparison Price: 1,08 €/l
Product: Kantolan Kaurakeksi suklaakeksi 200g, Unit Price: 2,35 €, Comparison Price: 11,75 €/kg
Product: Kotimaista Kivennäisvesi sitruuna kevyesti hiilihapotettu 0,5l, Unit Price: 0,89 €, Comparison Price: 1,38 €/l
Product: Fazer Domino Choco Original keksi 180g, Unit Price: 2,95 €, Comparison Price: 16,39 €/kg
Product: 12 x Kotimaista Hiilihapotettu kivennäisvesi 0,33l, Unit Price: 6,69 €, Comparison Price: 1,23 €/l
Product: Oreo Original täytekeksi 264g, Unit Price: 3,45 €, Comparison Price: 13,07 €/kg
Product: S. Pellegrino 1 L PET, Unit Price: 2,99 €, Comparison Price: 2,59 €/l
Product: Oreo Double Creme täytekeksi 157g, Unit Price: 2,15 €, Comparison Price: 13,69 €/kg
Product: KevytOlo Raikas kivennäisvesi 0,95 l kmp, Unit Price: 1,79 €, Comparison Price: 1,67 €/l
Product: Kantolan Ballerina nougat täytekeksi 205g, Unit Price: 1,59 €, Comparison Price: 7,76 €/kg
Product: Vanajan Jyväsade Moniviljakeksi Original 300 g, Unit Price: 1,99 €, Comparison Price: 6,63 €/kg
Product: 6 x Kotimaista Kivennäisvesi sitruuna kevyesti hiilihapotettu 1,5l, Unit Price: 7,39 €, Comparison Price: 0,55 €/l
Product: Jules Destrooper 100g Butter Crisps voikeksi, Unit Price: 3,65 €, Comparison Price: 36,50 €/kg
Product: 24 x Kotimaista Kivennäisvesi 0,33l, Unit Price: 8,59 €, Comparison Price: 0,78 €/l
Product: Jules Destrooper 100g Almond Thins Mantelikeksi, Unit Price: 3,65 €, Comparison Price: 36,50 €/kg
Product: Lotus Biscoff Täytekeksi Biscoff cream 150g, Unit Price: 1,45 €, Comparison Price: 9,67 €/kg
Product: Värska Originaal luonnon mineraalivesi,  hiilihapollinen 0,5L PET, Unit Price: 0,95 €, Comparison Price: 1,50 €/l
Product: Kantolan Ballerina mustikka täytekeksi 190g, Unit Price: 1,59 €, Comparison Price: 8,37 €/kg
Product: Jules Destrooper 125g Mantelikeksi tumma suklaa ja appelsiini, Unit Price: 3,29 €, Comparison Price: 26,32 €/kg
Product: Hartwall Novelle kivennäisvesi 1,5 l, Unit Price: 2,25 €, Comparison Price: 1,23 €/l
Product: Lotus Biscoff Täytekeksi Vanilla flavour 150g, Unit Price: 1,45 €, Comparison Price: 9,67 €/kg
Product: Oreo Original täytekeksi 3X154g=462g, Unit Price: 5,05 €, Comparison Price: 10,93 €/kg
Product: Fossier Pinkki Mansikkakeksi 110g, Unit Price: 4,09 €, Comparison Price: 37,18 €/kg
Product: Hartwall Novelle Citronelle kivennäisvesi 1,5 l, Unit Price: 2,25 €, Comparison Price: 1,23 €/l
Product: Bonaqua Villivadelma kivennäisvesi muovipullo 1,5 L, Unit Price: 2,45 €, Comparison Price: 1,37 €/l
Product: Fossier Pinkki keksi suolainen karamelli 110g, Unit Price: 4,09 €, Comparison Price: 37,18 €/kg
Product: Gullón Maria 380g Gluteeniton, Unit Price: 2,79 €, Comparison Price: 7,34 €/kg
Product: Homekit Kertakäyttöinen aterinsetti 30kpl, Unit Price: 1,99 €, Comparison Price: 0,07 €/kpl
Product: Vanish GOLD White 470g tahranpoistojauhe, Unit Price: 5,59 €, Comparison Price: 11,89 €/kg
Product: Dr Beckmann 500ml Sappisaippua Tahranpoistoon, Unit Price: 4,99 €, Comparison Price: 9,98 €/l
Product: Dr Beckmann 100g Sappisaippua, Unit Price: 2,89 €, Comparison Price: 28,90 €/kg
Product: Vanish GOLD Pink 470g tahranpoistojauhe, Unit Price: 5,59 €, Comparison Price: 11,89 €/kg
Product: Vanish Pink 0% tahranpoistojauhe 440g, Unit Price: 5,59 €, Comparison Price: 12,70 €/kg
Product: Vanish Pink tahranpoistojauhe 940g, Unit Price: 8,90 €, Comparison Price: 9,47 €/kg
Product: Rainbow nestemäinen tahranpoistoaine 250 ml, Unit Price: 1,59 €, Comparison Price: 6,36 €/l
Product: Rainbow 500g tahranpoistojauhe, Unit Price: 2,49 €, Comparison Price: 4,98 €/kg
Product: Vanish Esikäsittelysuihke 750ml, Unit Price: 5,59 €, Comparison Price: 7,45 €/l
Product: Dr Beckmann 250 ml Tahranpoistoneste, Unit Price: 3,99 €, Comparison Price: 15,96 €/l
Product: Vanish White tahranpoistojauhe 940g, Unit Price: 8,90 €, Comparison Price: 9,47 €/kg
Product: Vanish Pink tahranpoistojauhe 630g, Unit Price: 5,99 €, Comparison Price: 9,51 €/kg
Product: Vanish White tahranpoistojauhe 630g, Unit Price: 5,99 €, Comparison Price: 9,51 €/kg
Product: LV 150ml tahranpoistospray 2in1, Unit Price: 2,49 €, Comparison Price: 16,60 €/l
Product: Vanish gold esikäsittelyaine 200 ml, Unit Price: 4,99 €, Comparison Price: 24,95 €/l
Product: Vanish tahranpoistoneste Pink 750ml, Unit Price: 7,49 €, Comparison Price: 9,99 €/l
Product: Vanish 500ml matto/tekstiilisuihke, Unit Price: 6,99 €, Comparison Price: 13,98 €/l
Product: Dr Beckmann 650ml Tahranpoistaja matoille, Unit Price: 6,19 €, Comparison Price: 9,52 €/l
Product: Lumme tahranpoistaja 350ml, Unit Price: 4,99 €, Comparison Price: 14,26 €/l
Product: Vanish Esikäsittelysuihke 0% tahranpoistoon 700ml, Unit Price: 5,59 €, Comparison Price: 7,99 €/l
Product: Vanish Mattovaahto 600ml, Unit Price: 5,99 €, Comparison Price: 9,98 €/l
Product: Serto Hajusteeton Tahrasooda 750g, Unit Price: 6,59 €, Comparison Price: 8,79 €/kg
Product: Vanish White tahranpoistoneste 750ml, Unit Price: 7,49 €, Comparison Price: 9,99 €/l
Product: Sanytol 450g Desinfiointiaine Tahranpoistaja, Unit Price: 5,89 €, Comparison Price: 13,09 €/kg
Product: Dr. Oetker Ristorante Piccolissima Prosciutto pakasteminipizzat 216g, Unit Price: 3,89 €, Comparison Price: 18,01 €/kg
Product: Bolsius HAUTAKYNTTILÄ OLET AINA SYDÄMESSÄNI 70H Valkoinen, Unit Price: 1,99 €, Comparison Price: 
Product: Estrella Linssisipsi Kermaviili & Sipuli 110g, Unit Price: 2,59 €, Comparison Price: 23,55 €/kg
Product: Rainbow hautakynttilä 24H, Unit Price: 0,39 €, Comparison Price: 
Product: Santa Maria Green Jalapeño 215 g, Unit Price: 2,45 €, Comparison Price: 22,27 €/kg
Product: 6 x Kotimaista Lähdevesi 1,5l, Unit Price: 6,38 €, Comparison Price: 0,44 €/l
Product: Risella valmisriisi basmati 200g, Unit Price: 1,79 €, Comparison Price: 8,95 €/kg
Product: Den Lille Nøttefabrikken Nøtti Frutti Salt & Søtt pähkinä-hedelmäsekoitus RA 170g, Unit Price: 4,39 €, Comparison Price: 25,82 €/kg
Product: Elovena 10x30g mansikka-raparperi täysjyvä välipalakeksi 100% kauraa, Unit Price: 3,45 €, Comparison Price: 11,50 €/kg
Product: Hartwall Novelle Citronelle kivennäisvesi 1,5 l, Unit Price: 2,25 €, Comparison Price: 1,23 €/l
Product: Starter juomapullo 0,75l musta, Unit Price: 4,95 €, Comparison Price: 
Product: Starter juomapullo 0,75l pinkki, Unit Price: 4,95 €, Comparison Price: 
Product: Juomapullo Tritan 0,6 l, Unit Price: 5,45 €, Comparison Price: 
Product: Juomapullo Squeeze 0,6 l, Unit Price: 3,95 €, Comparison Price: 
Product: Juomapullo Tritan 0,6 l, Unit Price: 5,45 €, Comparison Price: 
Product: Juomapullo Tritan 0,6 l, Unit Price: 5,45 €, Comparison Price: 
Product: Starter juomapullo 0,75l oranssi, Unit Price: 4,95 €, Comparison Price: 
Product: Juomapullo 0,48 l vihreä, Unit Price: 6,95 €, Comparison Price: 
Product: Starter juomapullo 0,75l valkoinen, Unit Price: 4,95 €, Comparison Price: 
Product: Juomapullo 0,48 l violetti, Unit Price: 6,95 €, Comparison Price: 
Product: Juomapullo Squeeze 0,6 l, Unit Price: 3,95 €, Comparison Price: 
Product: Juomapullo 0,48 l musta, Unit Price: 6,95 €, Comparison Price: 
Product: Juomapullo Squeeze 0,6 l, Unit Price: 3,95 €, Comparison Price: 
Product: BMS juomapullo silikoni 0,65l sininen, Unit Price: 10,95 €, Comparison Price: 
Product: BMS juomapullo silikoni 0,65l violetti, Unit Price: 10,95 €, Comparison Price: 
Product: Puma TR Core juomapullo, Unit Price: 9,95 €, Comparison Price: 
Product: Juoksuvyö kolmella taskulla, Unit Price: 29,95 €, Comparison Price: 
Product: Mirame öljypitoinen kynsilakanpoistoaine 125ml, Unit Price: 2,95 €, Comparison Price: 23,60 €/l
Product: Xtra kynsilakanpoistoaine 200 ml, Unit Price: 1,35 €, Comparison Price: 
Product: Coop kynsilakanpoistoaine 175 ml, Unit Price: 2,10 €, Comparison Price: 
Product: Wild&Mild Gel polish Cleanser/Remover 50ml, Unit Price: 4,90 €, Comparison Price: 98,00 €/l
Product: Wild&Mild Nail polish remover acetone free 200ml, Unit Price: 5,50 €, Comparison Price: 
Product: Wild&Mild Nail Polish Remover Pads Lemon 30 pcs, Unit Price: 4,20 €, Comparison Price: 0,14 €/kpl
Product: Naturel Kynsiliima Brush On 6ml, Unit Price: 2,98 €, Comparison Price: 
Product: Kiss Maximum Speed Nail Glue kynsiliima 3g, Unit Price: 5,90 €, Comparison Price: 
Product: Kiss Nails Salon Acrylic Coffin 28 kpl kynsisetti, KAN07, Unit Price: 10,90 €, Comparison Price: 
Product: Lumene 3 in 1 Alus- ja päällyslakka 5 ml, Unit Price: 5,90 €, Comparison Price: 1180,00 €/l
Product: Wild&Mild Long Lasting nail polish M003 Pure Soul 12 ml, Unit Price: 3,20 €, Comparison Price: 
Product: Lumene Pure Gloss Kynsilakka 46 Violetti Pop 5 ml, Unit Price: 5,20 €, Comparison Price: 1040,00 €/l
Product: Kiss Bare but Better kynnet Nude Glow 28kpl, Unit Price: 10,90 €, Comparison Price: 
Product: Lumene Pure Gloss Kynsilakka 44 Pinkki Drinkki 5 ml, Unit Price: 5,20 €, Comparison Price: 1040,00 €/l
Product: Lumene Pure Gloss Kynsilakka 45 Vadelmasorbetti 5 ml, Unit Price: 5,20 €, Comparison Price: 1040,00 €/l
Product: Mavala 5ml Cuticle Oil kynsinauhaöljy, Unit Price: 8,90 €, Comparison Price: 
Product: essence gel nail colour geelikynsilakka 70, Unit Price: 2,29 €, Comparison Price: 286,25 €/l
Product: W7 Kynsisetti ja liima Crystal crush, Unit Price: 6,95 €, Comparison Price: 
Product: Wild&Mild UV Gel Polish G992 Päällyslakka 7ml, Unit Price: 7,95 €, Comparison Price: 1135,71 €/l
Product: Mavala Mini Color 5 ml 444 Erevan kynsilakka, Unit Price: 5,19 €, Comparison Price: 1038,00 €/l
Product: W7 Kynsisetti ja liima Tinsel town, Unit Price: 6,95 €, Comparison Price: 0,29 €/kpl
Product: Lumene Strength & Glow Kynnenvahvistaja 5 ml, Unit Price: 5,90 €, Comparison Price: 1180,00 €/l
Product: Lumene Pure Gloss Kynsilakka 41 Persikkaparatiisi 5 ml, Unit Price: 5,20 €, Comparison Price: 1040,00 €/l
Product: essence colour grip base coat aluslakka 8 ml, Unit Price: 2,29 €, Comparison Price: 286,25 €/l
Product: Valio maitorahka 500 g laktoositon, Unit Price: 3,59 €, Comparison Price: 7,18 €/kg
Product: Nutrilon Pepti Syneo 1 400g, kliininen ravintovalmiste lehmänmaitoallergian ruokavaliohoitoon, jauhe, 0-6kk, Unit Price: 23,50 €, Comparison Price: 58,75 €/kg
Product: MUA Make Up Academy Professional Eye Primer 7 ml luomivärin pohjustusaine, Unit Price: 3,15 €, Comparison Price: 
Product: 6 x Kotimaista Kivennäisvesi sitruuna kevyesti hiilihapotettu 1,5l, Unit Price: 7,39 €, Comparison Price: 0,55 €/l
Product: Taffel Kartanon välipala pähkinä- ja marjasekoitus 60g, Unit Price: 1,49 €, Comparison Price: 24,83 €/kg
Product: Värska Originaal luonnon mineraalivesi,  hiilihapollinen 0,5L PET, Unit Price: 0,95 €, Comparison Price: 1,50 €/l
Product: Lapin Kylmäsavu kirjolohifileesiivu 100g,, Unit Price: 5,95 €, Comparison Price: 59,50 €/kg
Product: Herkku katkarapusalaatti 180 g, Unit Price: 3,98 €, Comparison Price: 22,11 €/kg
Product: Lumene Luminous Moisture Huulipuna 13 Korallituuli 4,7 g, Unit Price: 1,00 €, Comparison Price: 200,00 €/kg
Product: Bonaqua Villivadelma kivennäisvesi muovipullo 1,5 L, Unit Price: 2,45 €, Comparison Price: 1,37 €/l
Product: Garage Hard Seltzer Pink Lemonade maustettu alkoholijuoma 4,5 % tölkki 0,33 L, Unit Price: 2,49 €, Comparison Price: 7,09 €/l
Product: Oikia Oatis Merisuola kauranaksu 150g, Unit Price: 1,99 €, Comparison Price: 13,27 €/kg
Product: Santa Maria 100G Sweet Chili Potato Pops sipsi, Unit Price: 2,15 €, Comparison Price: 21,50 €/kg
Product: Havi antiikkikynttilä puuteri 28cm 4kpl 8 h, Unit Price: 4,29 €, Comparison Price: 1,07 €/kpl
Product: Taffel Snack Fries bbq maustettu sipsi 235g, Unit Price: 2,35 €, Comparison Price: 10,00 €/kg
Product: Myllyn Paras Korppujauho 300 g, Unit Price: 1,25 €, Comparison Price: 4,17 €/kg
Product: Kotimaista Korppujauho 400g, Unit Price: 1,19 €, Comparison Price: 2,97 €/kg
Product: Xtra korppujauho 500 g, Unit Price: 0,85 €, Comparison Price: 1,70 €/kg
Product: Moilas Gluteeniton Korppujauho 350g, Unit Price: 3,39 €, Comparison Price: 9,69 €/kg
Product: Myllyn Paras Maustekorppujauho 300 g, Unit Price: 1,49 €, Comparison Price: 4,97 €/kg
Product: Myllyn Paras Ruiskorppujauho 300 g, Unit Price: 1,25 €, Comparison Price: 4,17 €/kg
Product: Mummon 210g Muru gluteeniton, Unit Price: 2,69 €, Comparison Price: 12,81 €/kg
Product: Kotimaista kakkupohja 320 g, Unit Price: 2,07 €, Comparison Price: 6,47 €/kg
Product: Rainbow torttupohja 200 g, Unit Price: 1,59 €, Comparison Price: 7,95 €/kg
Product: Marenkikakkupohja 180g 2kpl., Unit Price: 4,09 €, Comparison Price: 22,72 €/kg
Product: Boström Kakkupohja 220 g, Unit Price: 2,29 €, Comparison Price: 10,41 €/kg
Product: Biopak 10kpl 150mm CPLA Bio veitsi x 10, Unit Price: 1,25 €, Comparison Price: 0,13 €/kpl
Product: Mini-Maid Kartonkilautanen ruskea 23x23cm valkaisematon kartonki FSC, Unit Price: 2,89 €, Comparison Price: 0,14 €/kpl
Product: Green Planet Astronauts LUOMU kaurasmoothie kesäkurpitsa-päärynä 100g 5kk+, Unit Price: 0,49 €, Comparison Price: 4,90 €/kg
Product: Sini Ikkunaliina mikrokuitua 30x30 cm, Unit Price: 3,19 €, Comparison Price: 
Product: Lumene TYYNI Tasapainottava kuorintaneste 150 ml, Unit Price: 14,95 €, Comparison Price: 99,67 €/l
Product: Wilson päälligrippi 3 kpl musta, Unit Price: 10,95 €, Comparison Price: 3,65 €/kpl
Product: Ben's Original Tulinen valmisriisi meksikolaiseen tapaan 220g, Unit Price: 2,05 €, Comparison Price: 9,32 €/kg
Product: Havu Mäntysuopaliuos 1L yleispuhdistusaine, Unit Price: 2,95 €, Comparison Price: 2,95 €/l
Product: Weber bambuvartaat, Unit Price: 6,90 €, Comparison Price: 0,28 €/kpl
Product: Rainbow mäntynestesaippua 1 l, Unit Price: 2,19 €, Comparison Price: 2,19 €/l
Product: Kiilto Koti yleispuhdistusliina Apilankukka 36 kpl, Unit Price: 2,89 €, Comparison Price: 0,08 €/kpl
Product: Tolu 500ml Käyttövalmis yleispuhdistusaine spray, Unit Price: 2,95 €, Comparison Price: 5,90 €/l
Product: Sanytol 72kpl Monikäyttöinen desinfiointipyyhe, Unit Price: 3,59 €, Comparison Price: 0,05 €/kpl
Product: Sanytol 500ml Monikäyttöinen puhdistus- ja desinfiointiaine, Unit Price: 3,25 €, Comparison Price: 6,50 €/l
Product: Tolu 1L Mänty yleispuhdistusaine, Unit Price: 3,59 €, Comparison Price: 3,59 €/l
Product: Tolu 500ml Aloe Vera yleispuhdistusaine spray, Unit Price: 2,95 €, Comparison Price: 5,90 €/l
Product: Mayeri Sensitive esikostutetut yleispuhdistuspyyhkeet 30 kpl pussi, Unit Price: 1,29 €, Comparison Price: 0,04 €/kpl
Product: Kiilto Koti biohajoava yleispuhdistussuihke Lime 600 ml, Unit Price: 3,15 €, Comparison Price: 5,25 €/l
Product: Tolu 1L Aito yleispuhdistusaine, Unit Price: 3,59 €, Comparison Price: 3,59 €/l
Product: Kiilto Koti biohajoava yleispuhdistussuihke Apilankukka 600 ml, Unit Price: 3,15 €, Comparison Price: 5,25 €/l
Product: Sini Kostea pikasiivousliina 30 kpl, Unit Price: 3,39 €, Comparison Price: 0,11 €/kpl
Product: Method Yleispuhdistussuihke Pink Grapefruit 828ml, Unit Price: 5,49 €, Comparison Price: 6,63 €/l
Product: Xtra yleispuhdistusaine 1 l, Unit Price: 1,29 €, Comparison Price: 1,29 €/l
Product: essence hydrating nude huulipuna 3,5g, Unit Price: 3,09 €, Comparison Price: 772,50 €/kg
Product: Pihka Mäntysaippua 2 L, Unit Price: 3,19 €, Comparison Price: 1,60 €/l
Product: Tolu 750ml Aloe Vera yleispuhdistusaine, Unit Price: 2,29 €, Comparison Price: 3,05 €/l
Product: Tolu 750ml Raikas Sitruuna yleispuhdistusaine, Unit Price: 2,29 €, Comparison Price: 3,05 €/l
Product: Kiilto Koti biohajoava yleispuhdistusaine Sitruuna 1 L, Unit Price: 3,15 €, Comparison Price: 3,15 €/l
Product: Sanytol puhdistus- ja desinfiointiaine vege 500 ml, Unit Price: 3,25 €, Comparison Price: 6,50 €/l
Product: Saimaa Hard Seltzer Lingonberry Juniper 4,5% 0,33l tlk, Unit Price: 1,50 €, Comparison Price: 4,09 €/l
Product: Tolu 1L Koivu yleispuhdistusaine, Unit Price: 3,59 €, Comparison Price: 3,59 €/l
Product: Tolu 500ml Tunturin Kevät yleispuhdistusaine spray, Unit Price: 2,95 €, Comparison Price: 5,90 €/l
Product: Rainbow Yleispuhdistussuihke Lemon 750 ml, Unit Price: 1,45 €, Comparison Price: 1,93 €/l
Product: Kiilto Koti biohajoava yleispuhdistusaine Lime 1 L, Unit Price: 3,15 €, Comparison Price: 3,15 €/l
Product: Makeup Revolution Balm Glow Rose Pink monikäyttömeikkivoide 32g, Unit Price: 8,95 €, Comparison Price: 279,69 €/kg
Product: Fazer Marianne -kakkunen 2kpl 160g, Unit Price: 4,09 €, Comparison Price: 25,56 €/kg
Product: Herrmans takavalo patterilla, Unit Price: 4,99 €, Comparison Price: 
Product: Santa Maria 100G Supreme Cheese Potato Pops sipsi, Unit Price: 2,15 €, Comparison Price: 21,50 €/kg
Product: Taffel Juustosnacks 115g, Unit Price: 1,89 €, Comparison Price: 16,43 €/kg
Product: Puma Attacanto jalkapallo koko 3, Unit Price: 19,95 €, Comparison Price: 
Product: MUA Make Up Academy Creamy Matte Lipstick 3,5 g Heartfelt huulipuna, Unit Price: 3,95 €, Comparison Price: 987,50 €/kg
Product: Vanajan Suklaaässä pikkuleipä 300g, Unit Price: 2,29 €, Comparison Price: 7,63 €/kg
Product: Puhdistamo Energia Magnesium 120 kaps, Unit Price: 19,95 €, Comparison Price: 0,17 €/kpl
Product: Rummo täysjyvä Fusilli no48 500g, Unit Price: 2,59 €, Comparison Price: 5,18 €/kg
Product: Rainbow vohvelit 6 kpl 250 g, Unit Price: 1,15 €, Comparison Price: 4,60 €/kg
Product: Maybelline New York Fit Me Blush 30 Rose -poskipuna 4,5g, Unit Price: 8,95 €, Comparison Price: 
Product: HK Herkkumaksamakkara Levitettävä 125 g, Unit Price: 2,95 €, Comparison Price: 23,60 €/kg
Product: Method Lattianpesuaine Sitruuna-inkivääri 739ml, Unit Price: 5,99 €, Comparison Price: 8,11 €/l
Product: MUA Make Up Academy Blushed Powder Blush Duo 8 g Ginger poskipuna, Unit Price: 6,25 €, Comparison Price: 781,25 €/kg
Product: Lumene Luminous Moisture Huulipuna 04 Villikanerva 4,7 g, Unit Price: 1,00 €, Comparison Price: 
Product: La Crema kermajogurtti karhunvatukka 150 g, Unit Price: 0,79 €, Comparison Price: 5,27 €/kg
Product: lavera Trend Sensitiv Lash Care Serum 9ml, Unit Price: 11,90 €, Comparison Price: 
Product: Taffel Hot Rod sipsi 115g, Unit Price: 1,89 €, Comparison Price: 16,43 €/kg
Product: Kalaneuvos Kylmäsavukirjolohifilee ruodoton n700g vak, Unit Price: 20,93 €, Comparison Price: 29,90 €/kg
Product: Kotimaista kaneliässä 400 g, Unit Price: 2,49 €, Comparison Price: 6,23 €/kg
Product: Glade 300 ml 5in1 Fresh Lemon aerosoli, Unit Price: 3,19 €, Comparison Price: 10,63 €/l
Product: Glade Touch & Fresh 10ml fresh lemon täyttöpakkaus, Unit Price: 1,99 €, Comparison Price: 199,00 €/l
Product: Glade 5in1 300ml relaxing zen ilmanraikastin, Unit Price: 3,19 €, Comparison Price: 10,63 €/l
Product: Glade Touch & Fresh 10ml relaxing zen ilmanraikastintäyttö, Unit Price: 1,99 €, Comparison Price: 199,00 €/l
Product: Glade 10ml Touch & Fresh Pure Clean Linen ilmanraikastintäyttö, Unit Price: 1,99 €, Comparison Price: 199,00 €/l
Product: Glade 5in1 300ml Romantic Vanilla Blossom ilmanraikastin, Unit Price: 3,19 €, Comparison Price: 10,63 €/l
Product: Rainbow 150g ilmanraikastin Ocean, Unit Price: 1,59 €, Comparison Price: 10,60 €/kg
Product: Glade One Touch & Fresh 10ml Peony&Cherry ilmanraikastin täyttöpakkaus, Unit Price: 1,99 €, Comparison Price: 199,00 €/l
Product: Rainbow ilmanraikastaja Citrus täyttöpakkaus 3x15ml, Unit Price: 2,09 €, Comparison Price: 46,44 €/l
Product: Airwick geeli morning rain od.stop, Unit Price: 2,39 €, Comparison Price: 15,93 €/kg
Product: IBA 75ml CORAL REEF Pyramid ilmanraikastin, Unit Price: 2,89 €, Comparison Price: 38,53 €/l
Product: IBA 75ml COTTON FRESH & WHITE LILAC Pyramid Ilmanraikastin, Unit Price: 2,89 €, Comparison Price: 38,53 €/l
Product: Airwick Aerosol Lavender 300ML, Unit Price: 3,19 €, Comparison Price: 10,63 €/l
Product: Airwick Freshmatic Duopack Freesia & Jasmin täyttö 2x250ML, Unit Price: 7,99 €, Comparison Price: 15,98 €/l
Product: Airwick 2kpl Stick Up Citrus ilmanraikastin, Unit Price: 3,69 €, Comparison Price: 1,85 €/kpl
Product: Airwick Freshmatic täyttö Mystical Garden 250ml, Unit Price: 5,49 €, Comparison Price: 21,96 €/l
Product: Airwick Freshmatic täyttö Soft Cotton 250ml, Unit Price: 5,49 €, Comparison Price: 21,96 €/l
Product: Glade Touch & Fresh 10ml fresh lemon ilmanraikastin, Unit Price: 2,99 €, Comparison Price: 299,00 €/l
Product: Glade 180g Sandalwood & Jasmine Hyytelö, Unit Price: 3,49 €, Comparison Price: 19,39 €/kg
Product: Glade 180g Cherry & Peony Hyytelö, Unit Price: 3,49 €, Comparison Price: 19,39 €/kg
Product: Airwick Essential Mist Lavender Täyttö 20ML, Unit Price: 4,99 €, Comparison Price: 249,50 €/l
Product: Sanytol 400ml Monikäyttöinen puhdistus- ja desinfiointisuihke, Unit Price: 4,59 €, Comparison Price: 11,48 €/l
Product: Airwick Aerosol Magnolia & Cherry blossom 300ML, Unit Price: 3,19 €, Comparison Price: 10,63 €/l
Product: Rainbow ilmanraikastaja Citrus 3x15ml, Unit Price: 2,55 €, Comparison Price: 56,67 €/l
Product: Iittala Teema syvä lautanen 21 cm, valkoinen, Unit Price: 17,50 €, Comparison Price: 
Product: GastroMax lautanen 19,5 cm syvä bio-muovi, Unit Price: 3,50 €, Comparison Price: 
Product: House kulho Isla 16 cm, Unit Price: 5,50 €, Comparison Price: 
Product: GastroMax lautanen 19,5 cm syvä bio-muovi, Unit Price: 3,50 €, Comparison Price: 
Product: Iittala Teema kulho 15cm valkoinen, Unit Price: 15,90 €, Comparison Price: 
Product: House syvä lautanen Nelma 20 cm vihreä, Unit Price: 6,50 €, Comparison Price: 
Product: Luminarc Cosmos kulho 20cm, Unit Price: 4,90 €, Comparison Price: 
Product: House kulho Stella 14 cm, minttu, Unit Price: 5,50 €, Comparison Price: 
Product: GastroMax kulho 3,5 L bio-muovi, Unit Price: 8,90 €, Comparison Price: 
Product: House kulho Stella 14 cm, valkoinen, Unit Price: 4,95 €, Comparison Price: 
Product: House kulho Terttu 14 cm, Unit Price: 5,50 €, Comparison Price: 
Product: Finlayson Mittava kulho 0,4l, Unit Price: 6,50 €, Comparison Price: 
Product: House syvä lautanen Stella 22 cm, Unit Price: 7,95 €, Comparison Price: 
Product: House syvä lautanen Stella 22 cm, Unit Price: 8,95 €, Comparison Price: 
Product: House lasipurkki Hertta 0,6 l, Unit Price: 2,95 €, Comparison Price: 
Product: GastroMax kulho 7 L bio-muovi, Unit Price: 15,50 €, Comparison Price: 
Product: House kulho Isla 14 cm, Unit Price: 4,50 €, Comparison Price: 
Product: House kulho Stella 14 cm, roosa, Unit Price: 5,50 €, Comparison Price: 
Product: House kulho Sointu 14 cm sininen, Unit Price: 6,95 €, Comparison Price: 
Product: Moomin Arabia Finland Muumi kulho 15cm Piisamirotta luolassa, Unit Price: 23,95 €, Comparison Price: 
Product: Finlayson kulho Mittava 8dl, Unit Price: 9,50 €, Comparison Price: 
Product: Iittala Teema lautanen syvä 21 cm vintage sininen, Unit Price: 17,50 €, Comparison Price: 
Product: Iittala Taika lautanen syvä 20cm Sato, Unit Price: 28,50 €, Comparison Price: 
Product: House lasipurkki Silo 0,6 l, Unit Price: 2,95 €, Comparison Price: 
Product: Sini Wc-liina mikrokuitua 30x30 cm, Unit Price: 3,19 €, Comparison Price: 
Product: Meira Maapähkinä-rusinasekoitus 300g, Unit Price: 1,85 €, Comparison Price: 6,17 €/kg
Product: Keiju auringonkukkaöljy 1 l, Unit Price: 8,29 €, Comparison Price: 8,29 €/l
Product: Gosh Blush Up 001 Peach -voidemainenposkipuna 14ml, Unit Price: 18,90 €, Comparison Price: 1350,00 €/l
Product: Maybelline New York Super Stay Matte Ink 10 Dreamer -huulipuna 5ml, Unit Price: 5,00 €, Comparison Price: 
Product: Bolsius RUSTIIKKI PK 130/68 Fresh olive, Unit Price: 3,79 €, Comparison Price: 
Product: Jupiter adapterilajitelma venttiileille, Unit Price: 3,99 €, Comparison Price: 
Product: Bolsius Iso hautakynttilä Valkoinen, Unit Price: 1,49 €, Comparison Price: 
Product: essence GROW LIKE A BOSS LASH & BROW GROWTH SERUM ripsi- & kulmaseerumi 6 ml, Unit Price: 6,25 €, Comparison Price: 
Product: Ben's Original Pitkäjyväinen valmisriisi 220g, Unit Price: 2,05 €, Comparison Price: 9,32 €/kg
Product: Wilson tennispallo Starter Play 4 kpl keltainen, Unit Price: 9,95 €, Comparison Price: 2,49 €/kpl
Product: Bonaqua Juicy Villipäärynä Hiilihapollinen juoma PET 1.5L, Unit Price: 3,29 €, Comparison Price: 1,93 €/l
Product: Piltti 190g Couscousia ja naudanlihaa lastenateria 1-3v, Unit Price: 1,39 €, Comparison Price: 7,32 €/kg
Product: Makeup Revolution Mega Bronzer 01 - Cool aurinkopuuteri viileä sävy, Unit Price: 6,95 €, Comparison Price: 86,88 €/kg
Product: Oululainen Pullava Voisilmäpitko 400g, täytepitko, Unit Price: 2,49 €, Comparison Price: 6,23 €/kg
Product: Findus Pommes Noisettes perunapallot 1000g, pakaste, Unit Price: 4,80 €, Comparison Price: 4,80 €/kg
Product: L'Oréal Paris Color Riche Satin 303 Rose Tendre huulipuna 4,8 g, Unit Price: 10,95 €, Comparison Price: 
Product: Rimmel Wonder'Serum Lash Teatment 11 ml ripsiseerumi, Unit Price: 11,95 €, Comparison Price: 1086,36 €/l
Product: Ketoinen Viljaton Pizzapohja 2x100g, pakaste, Unit Price: 4,99 €, Comparison Price: 24,95 €/kg
Product: Fredman Kodin kuituliina 30x50cm, Unit Price: 3,89 €, Comparison Price: 0,19 €/kpl
Product: Xtra tortilla chips maissilastut 450 g, Unit Price: 1,65 €, Comparison Price: 3,67 €/kg
Product: Xtra savulohisuikale 150 g, Unit Price: 4,39 €, Comparison Price: 29,27 €/kg
Product: Piltti Pohjoisen maut 190g Kasviksia ja karjalanpaistia lastenateria 1-3v, Unit Price: 1,59 €, Comparison Price: 8,37 €/kg
Product: Coop Cheese Wheels juustonmakuiset perunasnacksit 200 g, Unit Price: 1,89 €, Comparison Price: 9,45 €/kg
Product: Piltti Pohjoisen maut 190g Peruna-lohikiusaus 1-3v, Unit Price: 1,55 €, Comparison Price: 8,16 €/kg
Product: Grillipaprika Padron 200g, Unit Price: 1,39 €, Comparison Price: 6,95 €/kg
Product: MUA Make Up Academy Creamy Blush 10 ml Misty Rose voidemainen poskipuna, Unit Price: 4,15 €, Comparison Price: 415,00 €/l
Product: Koskenkorva Vichy Mansikka-Kiivi 4,5% 33cl, Unit Price: 2,59 €, Comparison Price: 7,39 €/l
Product: Smash! salt karamell suklaapatukka 40g, Unit Price: 0,85 €, Comparison Price: 21,25 €/kg
Product: Luminarc olutlasi Nonic 58 cl, Unit Price: 3,50 €, Comparison Price: 
Product: Piltti Pohjoisen maut 90g Prinssi hedelmäsose 5kk annospussi, Unit Price: 1,05 €, Comparison Price: 11,67 €/kg
Product: Sini Eko tiskiharja, Unit Price: 1,45 €, Comparison Price: 
Product: Coop auringonkukkaöljy 1 l, Unit Price: 3,75 €, Comparison Price: 3,75 €/l
Product: Grooved Dinner 2' 2,2x29cm valkoinen, Unit Price: 0,99 €, Comparison Price: 0,50 €/kpl
Product: Kymppi perinteisesti imellytetty mämmi 700 g pakaste, Unit Price: 0,99 €, Comparison Price: 1,41 €/kg
Product: 24 x Hartwall Novelle Citronelle kivennäisvesi 0,33 l, Unit Price: 8,95 €, Comparison Price: 0,83 €/l
Product: Lumene Luminous Moisture Huulipuna 05 Kanervasydän 4,7 g, Unit Price: 1,00 €, Comparison Price: 
Product: Kotimaista Lähdevesi sporttikorkilla 0,5l, Unit Price: 0,95 €, Comparison Price: 1,50 €/l
Product: essence THE slim STICK huulipunapuikko 104, Unit Price: 3,69 €, Comparison Price: 1845,00 €/kg
Product: Green Planet Astronauts Luomu Kaurasmoothie vadelma-mustikka-omena 100g 5kk+, Unit Price: 0,49 €, Comparison Price: 4,90 €/kg
Product: Valio A+™ luonnonjogurtti 1 kg täyteläinen laktoositon, Unit Price: 2,49 €, Comparison Price: 2,49 €/kg
Product: W7 Irtoripset ja liima 3D Out out, Unit Price: 5,49 €, Comparison Price: 
Product: Wilson tennispallo Triniti 4 kpl, Unit Price: 12,95 €, Comparison Price: 3,24 €/kpl
Product: Dulcesol Kanapee 180g, Unit Price: 1,55 €, Comparison Price: 8,61 €/kg
Product: BeautyLash Kulmakarva- ja ripsiväri tummanruskea, Unit Price: 11,90 €, Comparison Price: 
Product: Coop Taste of Asia wokvihannekset Malay 400 g pakaste, Unit Price: 0,99 €, Comparison Price: 2,47 €/kg
Product: Hartwall Novelle kivennäisvesi 1,5 l, Unit Price: 2,25 €, Comparison Price: 1,23 €/l
Product: Lav olutlasi Noniq 57 cl 6 kpl, Unit Price: 8,90 €, Comparison Price: 1,48 €/kpl
Product: 24 x Hartwall Novelle Vadelma-veriappelsiini kivennäisvesi 0,33 l, Unit Price: 8,95 €, Comparison Price: 0,83 €/l
Product: Kotimaista mutakakku 400 g, Unit Price: 3,49 €, Comparison Price: 8,73 €/kg
Product: Vaasan Kotiuunin Munkkirinkeli 8x45g pakaste, Unit Price: 3,89 €, Comparison Price: 10,81 €/kg
Product: Vaasan Kotiuunin Vadelmasydän 8x45g pakaste vadelma-omenatäytteinen munkki, Unit Price: 3,89 €, Comparison Price: 10,81 €/kg
Product: Fazer Omar -munkki 12kpl 1200g, kypsäpakaste, Unit Price: 14,95 €, Comparison Price: 12,46 €/kg
Product: Fazer Fazerina -kakku 380g, kypsäpakaste, Unit Price: 8,29 €, Comparison Price: 21,82 €/kg
Product: Fazer Mokkapalamunkki 12kpl 1296g, kypsäpakaste, Unit Price: 14,95 €, Comparison Price: 11,54 €/kg
Product: Poppies Trio minidonitsit 9 kpl 250 g, Unit Price: 3,49 €, Comparison Price: 12,64 €/kg
Product: Fazer Berliininmunkki 12kpl 1380g, kypsäpakaste, Unit Price: 14,95 €, Comparison Price: 10,83 €/kg
Product: Almondy 400g Daim Mantelikakku, Unit Price: 6,99 €, Comparison Price: 17,47 €/kg
Product: Fazer Pätkis -kakku 380g, kypsäpakaste, Unit Price: 8,29 €, Comparison Price: 21,82 €/kg
Product: Kotimaista gluteeniton mutakakku 400 g pakaste, Unit Price: 3,75 €, Comparison Price: 9,38 €/kg
Product: Frödinge prinsessakakku pakaste 480g, Unit Price: 8,25 €, Comparison Price: 17,19 €/kg
Product: Frödinge laktoositon mansikkakakku pakaste 500g, Unit Price: 8,25 €, Comparison Price: 16,50 €/kg
Product: Fazer Dumle -munkki 12kpl 1272g, pakaste, Unit Price: 14,95 €, Comparison Price: 11,75 €/kg
Product: Poppies 250g Mini kermatuulihatut, Unit Price: 2,45 €, Comparison Price: 9,80 €/kg
Product: Kotimaista minttumutakakku 400 g, Unit Price: 3,59 €, Comparison Price: 8,98 €/kg
Product: Macarons-leivos 12kpl/144g (Suklaa, Vanilja, Vadelma, Sitruuna, Suolainen kinuski, Pistaasi) Pakaste, Unit Price: 6,59 €, Comparison Price: 45,76 €/kg
Product: Frödinge laktoositon mud cake kostea suklaakakku pakaste 400g, Unit Price: 5,39 €, Comparison Price: 13,47 €/kg
Product: Vaasan Kotiuunin Possumunkki 6x70g, pakaste, Unit Price: 3,89 €, Comparison Price: 9,26 €/kg
Product: Kotimaista Voisilmäpulla, 480 g, 5-6 kpl, kypsä, Unit Price: 4,65 €, Comparison Price: 9,69 €/kg
Product: Kotimaista Korvapuusti 390 g pakaste, Unit Price: 2,29 €, Comparison Price: 5,87 €/kg
Product: Kotimaista appelsiinimutakakku 400 g, Unit Price: 3,59 €, Comparison Price: 8,98 €/kg
Product: Frödinge kinuskikakku pakaste 565g, Unit Price: 8,25 €, Comparison Price: 14,60 €/kg
Product: Poppies Donuts suklaa-tuttifrutti  4 kpl 220 g pakaste, Unit Price: 3,55 €, Comparison Price: 16,14 €/kg
Product: Kotimaista Kivennäisvesi karpalo 1,5l, Unit Price: 1,29 €, Comparison Price: 0,59 €/l
Product: Gelia jatkojohto 3-os maadoitettu 3m kytkin valkoinen, Unit Price: 7,50 €, Comparison Price: 
Product: Piltti 250g Täysjyväpastaa ja naudanlihaa lastenateria 1-3v, Unit Price: 1,49 €, Comparison Price: 5,96 €/kg
Product: Rainbow 150g Cashews valkosuklaacashewpähkinä, Unit Price: 2,45 €, Comparison Price: 16,33 €/kg
Product: BeautyLash Power-Brow Kulmaväri tummanruskea, Unit Price: 12,90 €, Comparison Price: 
Product: L'Oréal Paris Clinically Proven Lash Serum -ripsiseerumi 1,9ml, Unit Price: 18,90 €, Comparison Price: 
Product: Bolsius RUSTIIKKI PK 100/50 Fresh Olive, Unit Price: 2,29 €, Comparison Price: 
Product: Rainbow smoothie päärynä & luumu luomu 110 g 6 kk, Unit Price: 0,89 €, Comparison Price: 8,09 €/kg
Product: Arla Lempi Sipoolainen laktoositon 0,7% rahkajogurtti 300 g, Unit Price: 1,59 €, Comparison Price: 5,30 €/kg
Product: Doritos Nacho Cheese maustettu maissilastu 170g, Unit Price: 1,99 €, Comparison Price: 11,71 €/kg
Product: Valio A+™ luonnonjogurtti ja marjamysli 200 g laktoositon, Unit Price: 1,65 €, Comparison Price: 8,25 €/kg
Product: Head Championship -tennispallo 4B, Unit Price: 8,99 €, Comparison Price: 2,25 €/kpl
Product: Piltti Luomu 125g Omenaa ja päärynää hedelmäsose 4kk, Unit Price: 0,99 €, Comparison Price: 7,92 €/kg
Product: Taffel Kartanon välipala pähkinä- ja hedelmäsekoitus 60g, Unit Price: 1,49 €, Comparison Price: 24,83 €/kg
Product: BeautyLash Kulmakarva- ja ripsiväri musta, Unit Price: 11,90 €, Comparison Price: 
Product: 12xOLVI Vichy Ananas 0,33 l kmp, Unit Price: 6,39 €, Comparison Price: 1,31 €/l
Product: Jupiter BMX-kypärä TBBH601 48-54 cm musta, Unit Price: 17,95 €, Comparison Price: 
Product: Ingman Pehmeä Mieto maitorahka 500 g laktoositon, Unit Price: 1,85 €, Comparison Price: 3,70 €/kg
Product: Limar MTB/urban-kypärä Alben 52-57 Matt black, Unit Price: 54,95 €, Comparison Price: 
Product: Rainbow smoothie omena, banaani & mango luomu 90 g 6 kk, Unit Price: 0,75 €, Comparison Price: 8,33 €/kg
Product: Jupiter minipyöränpumppu T-kahvalla, Unit Price: 11,95 €, Comparison Price: 
Product: Sana-sol Kalsium-Magnesium-D-vitamiini tabletti ravintolisä 120tabl, Unit Price: 8,69 €, Comparison Price: 0,07 €/kpl
Product: Makeup Revolution Y2k Baby Ultimate Palette 00's Angel luomiväripaletti 7 sävyä 6,3g, Unit Price: 8,95 €, Comparison Price: 179,00 €/kg
Product: Fibra Mainio monikäyttöpyyhe 22kpl 39x39cm, Unit Price: 3,59 €, Comparison Price: 0,16 €/kpl
Product: Piltti Pohjoisen maut 190g Couscousia ja lohta lastenateria 1-3v, Unit Price: 1,55 €, Comparison Price: 8,16 €/kg
Product: Paese Argan poskipuna, Unit Price: 11,55 €, Comparison Price: 3850,00 €/kg
Product: Taffel CrunCheez original maustettu juustosnacks 225g, Unit Price: 3,19 €, Comparison Price: 14,18 €/kg
Product: Estrella Superjuusto 175g, Unit Price: 2,99 €, Comparison Price: 17,09 €/kg
Product: House kaadin Stella 0,33 l, Unit Price: 4,50 €, Comparison Price: 
Product: Cesar Senior 10+ sis. Kanaa ja Riisiä hyytelössä (150 g), Unit Price: 0,80 €, Comparison Price: 5,33 €/kg
Product: Valio A+™ luonnonjogurtti 150 g laktoositon, Unit Price: 0,89 €, Comparison Price: 5,93 €/kg
Product: Kotimaista 1 kg Maustamaton jogurtti laktoositon, Unit Price: 1,65 €, Comparison Price: 1,65 €/kg
Product: Head Softac Traction -tennisvaihtogrippi, Unit Price: 7,95 €, Comparison Price: 
Product: Green Planet Astronauts LUOMU kaurasmoothie omena-mango 100g 5kk+, Unit Price: 0,49 €, Comparison Price: 4,90 €/kg
Product: Paese Argan huulipuna 4,3g, Unit Price: 14,95 €, Comparison Price: 3737,50 €/kg
Product: Spen kakkualunen 32cm 2kpl kulta ja hopea, Unit Price: 0,95 €, Comparison Price: 0,48 €/kpl
Product: Fazer Berliininmunkki 12kpl 1380g, kypsäpakaste, Unit Price: 9,90 €, Comparison Price: 7,17 €/kg
Product: ROLL MAX CACAO - KÄÄRETORTTU KAAKAOKREEMITÄYTTEELLÄ, LOKÖÖRILLÄ JA SUKLAANMAKUISELLA KUORRUTTEELLA ., Unit Price: 1,99 €, Comparison Price: 6,63 €/kg
Product: Coop Fusilli täysjyväpasta 500 g, Unit Price: 1,59 €, Comparison Price: 3,18 €/kg
Product: Rainbow luomu auringonkukkaöljy 500ml, Unit Price: 2,59 €, Comparison Price: 5,18 €/l
Product: Weekend Snacks Perunasnacks Sour Cream & Onion 180g, Unit Price: 2,49 €, Comparison Price: 13,83 €/kg
Product: Värska Vichy 0,5L PET, Unit Price: 1,05 €, Comparison Price: 1,70 €/l
Product: 6 x Hartwall Vichy Original kivennäisvesi 0,33 l, Unit Price: 5,39 €, Comparison Price: 2,27 €/l
Product: Moomin Arabia Finland Muumi lautanen 19cm Marjassa, Unit Price: 23,50 €, Comparison Price: 
Product: Luminarc La Cave kuohuviinilasi 16cl, Unit Price: 2,90 €, Comparison Price: 
Product: Iittala 2kpl Essence punaviinilasi 45 cl, kirkas, Unit Price: 35,50 €, Comparison Price: 17,75 €/kpl
Product: 12 x OLVI Vichy kivennäisvesi 0,33 l kmp, Unit Price: 6,39 €, Comparison Price: 1,31 €/l
Product: Rainbow juuresharja, Unit Price: 2,59 €, Comparison Price: 
Product: Bolsius RUSTIIKKI PK 130/68 Misty pink, Unit Price: 3,79 €, Comparison Price: 
Product: Lumene PUHDAS Syväpuhdistava kasvokuorinta 75ml, Unit Price: 8,95 €, Comparison Price: 119,33 €/l
Product: LOTUS Nessu Sensitive Nenäliina 75 kpl, Unit Price: 1,75 €, Comparison Price: 0,02 €/kpl
Product: Nutrilon AR 400 g, ruoan takaisinvirtauksen ruokavaliohoitoon, alk 0 kk, Unit Price: 10,19 €, Comparison Price: 25,48 €/kg
Product: Makeup Revolution Fast Base Stick poskipunapuikko Bare 14g, Unit Price: 8,95 €, Comparison Price: 639,29 €/kg
Product: Taffel Nacho Cheese Balls maustettu juustosnacks 60g, Unit Price: 1,19 €, Comparison Price: 19,83 €/kg
Product: Corny Peanut Sweet & Salty välipalapatukka 6x25g, Unit Price: 1,20 €, Comparison Price: 8,00 €/kg
Product: Luminarc La Cave viinilasi 36cl, Unit Price: 2,90 €, Comparison Price: 
Product: essence BABY GOT BLUSH nestemäinen poskipuna 30, Unit Price: 4,09 €, Comparison Price: 409,00 €/l
Product: 4x Värska Vichy 1,5L PACK PET, Unit Price: 6,89 €, Comparison Price: 0,88 €/l
Product: Pekan Parhaat unelmatorttu annospala gluteeniton 75g, Unit Price: 2,59 €, Comparison Price: 34,53 €/kg
Product: Lumene Luminous Moisture Huulipuna 08 Villiruusu 4,7 g, Unit Price: 1,00 €, Comparison Price: 200,00 €/kg
Product: Luomu kurpitsa & porkkana, lisätty rautaa, 120 g, Unit Price: 0,89 €, Comparison Price: 7,42 €/kg
Product: Kotimaista maustamaton AB-jogurtti 150 g laktoositon, Unit Price: 0,35 €, Comparison Price: 2,33 €/kg
Product: Valio 3 hedelmän mehu 1,5 l (rypäle, appelsiini, passiohedelmä), Unit Price: 3,70 €, Comparison Price: 2,47 €/l
Product: Kotimaista 1kg Rasvaton Maustamaton vähälaktoosinen jogurtti, Unit Price: 1,65 €, Comparison Price: 1,65 €/kg
Product: essence SKIN tint sävytetty voide 20, Unit Price: 4,99 €, Comparison Price: 166,33 €/l
Product: 12 x OLVI Vichy Päärynä 0,33 l kmp, Unit Price: 6,39 €, Comparison Price: 1,31 €/l
Product: Keiju Auringonkukkaöljy 500 ml, Unit Price: 1,99 €, Comparison Price: 3,98 €/l
Product: Silver Fern Farms saksanhirven kruunukyljys, Unit Price: 51,90 €, Comparison Price: 
Product: Makeup Revolution Mega Bronzer 02 - Warm aurinkopuuteri lämmin sävy, Unit Price: 6,95 €, Comparison Price: 86,88 €/kg
Product: Arabia kannu Esteri 1l, Unit Price: 45,50 €, Comparison Price: 
Product: MUA Make Up Academy Creamy Matte Lipstick 3,5 g Mystic huulipuna, Unit Price: 3,95 €, Comparison Price: 987,50 €/kg
Product: Kotimaista Kivennäisvesi vadelma kevyesti hiilihapotettu 1,5l, Unit Price: 1,29 €, Comparison Price: 0,59 €/l
Product: Rainbow kruunukynttilä 10kpl, Unit Price: 4,25 €, Comparison Price: 0,43 €/kpl
Product: MUA Make Up Academy Creamy Blush 10 ml Razzleberry voidemainen poskipuna, Unit Price: 4,15 €, Comparison Price: 415,00 €/l
Product: Duni 10kpl 24cl Bio Thank You kartonkimuki, Unit Price: 1,69 €, Comparison Price: 0,17 €/kpl
Product: Taffel Trail Mix pähkinä- ja rusinasekoitus 300g, Unit Price: 4,49 €, Comparison Price: 14,97 €/kg
Product: Puhdas+  Quattro Magnesium 120 kaps, Unit Price: 16,65 €, Comparison Price: 0,14 €/kpl
Product: Dunlop ATP Champion 4B tennispallo, Unit Price: 9,95 €, Comparison Price: 2,49 €/kpl
Product: Lapin Kylmäsavu kirjolohifileesiivu 100g, pintapaahdettu, Unit Price: 6,85 €, Comparison Price: 68,50 €/kg
Product: Limar ensikypärä Kid pro S 46-52 monivärinen, Unit Price: 29,95 €, Comparison Price: 
Product: Luminarc kuumajuomalasi Nuevo 25 cl, Unit Price: 2,90 €, Comparison Price: 
Product: MUA Make Up Academy Metamorphosis Colour Changing Lip & Cheek Oil 7 ml huuliöljy, Unit Price: 5,25 €, Comparison Price: 750,00 €/l
Product: essence make up & baking meikkisieni 01, Unit Price: 3,69 €, Comparison Price: 
Product: essence luomivärisivellin 01, Unit Price: 3,09 €, Comparison Price: 
Product: MUA Make Up Academy Metamorphosis Colour Changing Lip & Cheek Oil 7 ml OH Peachy huuliöljy, Unit Price: 5,25 €, Comparison Price: 750,00 €/l
Product: MUA Make Up Academy Metamorphosis Colour Changing Lip & Cheek Oil 7 ml The OG Extra huuliöljy, Unit Price: 5,25 €, Comparison Price: 750,00 €/l
Product: MUA Make Up Academy Metamorphosis Colour Changing Lip & Cheek Oil 7 ml One In A Melon huuliöljy, Unit Price: 5,25 €, Comparison Price: 750,00 €/l
Product: Makeup Revolution PH Bomb Lip & Cheek Oil Universal monikäyttö öljy4,6ml, Unit Price: 8,95 €, Comparison Price: 213,10 €/kg
Product: lavera Tinted Lip Balm -Fresh Peach 01- 4,5 g, Unit Price: 7,90 €, Comparison Price: 1580,00 €/kg
Product: Paese Nanorevit lip care primer huultenpohjustus 40 light pink 2,2g, Unit Price: 13,95 €, Comparison Price: 6975,00 €/kg
Product: lavera Juicy Lips Oil -huuliöljy 5,5ml, Unit Price: 15,50 €, Comparison Price: 2583,33 €/l
Product: Revolution huultenmuotoilusetti Lip Lift Kit Chauffeur Nude, Unit Price: 11,95 €, Comparison Price: 919,23 €/l
Product: Revolution huultenmuotoilusetti Lip Lift Kit Rose Pink, Unit Price: 11,95 €, Comparison Price: 919,23 €/l
Product: Arabia kannu Pastoraali 1l, Unit Price: 45,50 €, Comparison Price: 
Product: Jupiter kypärä Y-02 Sport, koko 58-61 cm, Unit Price: 19,95 €, Comparison Price: 
Product: Wilson päälligrippi 3kpl valkoinen, Unit Price: 10,95 €, Comparison Price: 3,65 €/kpl
Product: Magnex Sitraatti 375 mg + B6 puru 100 tabl/205g., kotimainen, sitruunanmakuinen magnesiumsitraatti-B6-vitamiini purutabletti, Vitabalans, Unit Price: 9,95 €, Comparison Price: 0,10 €/kpl
Product: Pekan Leipä Juustorinkeli 5kpl 250g, Unit Price: 3,10 €, Comparison Price: 12,40 €/kg
Product: Makeup Revolution Reloaded Marvellous Mattes Luomiväri, Unit Price: 6,95 €, Comparison Price: 
Product: Den Lille Nøttefabrikken Nøtti Frutti Pähkinä-hedelmäsekoitus 330g, Unit Price: 5,85 €, Comparison Price: 17,73 €/kg
Product: essence hydrating nude huulipuna 3,5g, Unit Price: 3,09 €, Comparison Price: 772,50 €/kg
Product: Max Factor False Lash Effect Lash Serum 13,1 ml ripsiseerumi, Unit Price: 13,90 €, Comparison Price: 1069,23 €/l
Product: S. Pellegrino 1 L PET, Unit Price: 2,99 €, Comparison Price: 2,59 €/l
Product: Almondy 400g Daim Mantelikakku, Unit Price: 6,99 €, Comparison Price: 17,47 €/kg
Product: 6 x Kotimaista vichy 0,5l, Unit Price: 3,95 €, Comparison Price: 0,92 €/l
Product: Dronningholm Vadelmahillo 440g, Unit Price: 3,99 €, Comparison Price: 9,07 €/kg
Product: Rainbow puolukkahillo 400 g, Unit Price: 1,55 €, Comparison Price: 3,88 €/kg
Product: Saarioinen Puolukkahillo 500g, Unit Price: 3,70 €, Comparison Price: 7,40 €/kg
Product: Meritalo Suomalainen Puolukkahillo 410g, Unit Price: 3,59 €, Comparison Price: 8,76 €/kg
Product: Saarioinen Puolukkahillo 800g, Unit Price: 5,89 €, Comparison Price: 7,36 €/kg
Product: Xtra puolukkahillo 800 g, Unit Price: 2,25 €, Comparison Price: 2,81 €/kg
Product: Saarioinen Puolukkahillo vähemmän sokeria 320g, Unit Price: 3,19 €, Comparison Price: 9,97 €/kg
Product: Kotimaista puolukkahillo 310 g, Unit Price: 2,99 €, Comparison Price: 9,65 €/kg
Product: Ekströms Vanhan ajan puolukkahillo 410g, Unit Price: 3,19 €, Comparison Price: 7,78 €/kg
Product: Dronningholm Puolukkahillo 1kg, Unit Price: 5,99 €, Comparison Price: 5,99 €/kg
Product: Dronningholm Puolukkahillo 440g, Unit Price: 3,79 €, Comparison Price: 8,61 €/kg
Product: Rainbow puolukkahillo luomu 340 g, Unit Price: 2,55 €, Comparison Price: 7,50 €/kg
Product: Herkkumaa Arctic Berries Puolukkahillo 260g, Unit Price: 2,99 €, Comparison Price: 11,50 €/kg
Product: Hommanäs 320g puolukkahillo 80%, Unit Price: 6,95 €, Comparison Price: 21,72 €/kg
Product: Herkkumaa Puolukkahillo 460g, Unit Price: 3,75 €, Comparison Price: 8,15 €/kg
Product: essence 24ever ink liner silmänrajaustussi 1,2 ml, Unit Price: 3,49 €, Comparison Price: 3490,00 €/l
Product: Cesar Classic Terrine sis. Härkää ja Maksaa terriinissä - Koiran märkäruoka annosrasiassa - (150 g), Unit Price: 1,59 €, Comparison Price: 10,60 €/kg
Product: Jupiter sport kypärä valolla 52-56 cm, Unit Price: 29,95 €, Comparison Price: 
Product: Värska Vichy 1,5L PET, Unit Price: 1,89 €, Comparison Price: 0,99 €/l
Product: Rainbow Donitsi 200g, Unit Price: 1,59 €, Comparison Price: 7,95 €/kg
Product: Vaasan OOH Donitsi 200g 6 kpl, Unit Price: 2,59 €, Comparison Price: 12,95 €/kg
Product: Van Dijk donut cake kaakao 6kpl 150g, Unit Price: 2,99 €, Comparison Price: 19,93 €/kg
Product: Malviala minidonitsi 10kpl 150g, Unit Price: 2,25 €, Comparison Price: 15,00 €/kg
Product: Mehukatti TRIP Päärynäjuoma 2dl 3-pack, Unit Price: 1,39 €, Comparison Price: 2,32 €/l
Product: GameCraft muovinen tuomarinpilli hihnalla, Unit Price: 2,95 €, Comparison Price: 
Product: Gosh! Blueberry Soft Seltzer maustettu vesi 0,33l tlk, Unit Price: 1,69 €, Comparison Price: 4,67 €/l
Product: Doritos makea chilipaprika nacho maissilastu 170g, Unit Price: 1,99 €, Comparison Price: 11,71 €/kg
Product: Daloplast olutlasi 45 cl kirkas, Unit Price: 2,90 €, Comparison Price: 
Product: Meira Leivinjauhe 100g, Unit Price: 1,15 €, Comparison Price: 11,50 €/kg
Product: Swiffer Floor Starter Kit (varsi ja 8 kuivaa+3 kosteaa pöly-/puhdistusliinaa), Unit Price: 16,95 €, Comparison Price: 
Product: Sicilia Sitruunatäysmehu makeuttamaton 115ml, Unit Price: 1,05 €, Comparison Price: 9,13 €/l
Product: Twinings 50x2g Earl Grey tea, Unit Price: 6,35 €, Comparison Price: 63,50 €/kg
Product: KevytOlo Meloni-Päärynä mehukivennäisvesi 0,5 l kmp, Unit Price: 2,05 €, Comparison Price: 3,70 €/l
Product: Corny Chocolate välipalapatukka 6x25g, Unit Price: 2,29 €, Comparison Price: 15,27 €/kg
Product: Cameleo kulmakarvaväri musta, Unit Price: 6,90 €, Comparison Price: 
Product: Valio A+™ kreikkalainen luonnonjogurtti 1 kg rasvaton laktoositon, Unit Price: 3,65 €, Comparison Price: 3,65 €/kg
Product: Puhdistamo Tripla Magnesiumjauhe 90 g, Unit Price: 18,95 €, Comparison Price: 210,56 €/kg
Product: LOTUS Smart wc-paperi hylsytön 6 rll, Unit Price: 7,25 €, Comparison Price: 1,21 €/kpl
Product: Sini Vaihtopää pannu- ja parilaharja, Unit Price: 1,89 €, Comparison Price: 
Product: Piltti 250g Makaronia ja lihapullia lastenateria 1-3v, Unit Price: 1,49 €, Comparison Price: 5,96 €/kg
Product: Lerøy kylmäsavustettu kirjolohifilee viipaloitu ASC 80g, Unit Price: 3,69 €, Comparison Price: 46,13 €/kg
Product: Herkku lakkahillo 300 g, Unit Price: 8,90 €, Comparison Price: 29,67 €/kg
Product: Rainbow antiikkikynttilä roosa 10 kpl, Unit Price: 5,95 €, Comparison Price: 0,60 €/kpl
Product: Cesar Country Stew sis. Kalkkunaa ja Härkää kastikkeessa - Koiran märkäruoka annosrasiassa - (150 g), Unit Price: 0,50 €, Comparison Price: 3,33 €/kg
Product: Sana-sol Rauta+C-vitamiini appelsiininmakuinen purutabletti ravintolisä 90tabl, Unit Price: 8,35 €, Comparison Price: 0,09 €/kpl
Product: Moomin Arabia Muumi kaadin Hämärän hetki 0,35 l, Unit Price: 31,90 €, Comparison Price: 
Product: essence LONG-LASTING silmänrajauskynä 0,28 g, Unit Price: 1,89 €, Comparison Price: 675,00 €/kg
Product: Smile sokeriruoko lautaset 26cm, 10 kpl, Unit Price: 2,15 €, Comparison Price: 0,22 €/kpl
Product: Kotimaista mansikkahillo 310 g, Unit Price: 3,19 €, Comparison Price: 10,29 €/kg
Product: Lumene Natural Glow Poskipuna 2 Berry Glow 4 g, Unit Price: 14,50 €, Comparison Price: 362,50 €/kg
Product: Semper BabySemp1 Maitopohjainen äidinmaidonkorvike syntymästä alkaen, jauhe 500g, Unit Price: 5,75 €, Comparison Price: 11,50 €/kg
Product: Makeup Revolution Ultra Cream Bronzer Aurinkopuuteri voidemainen  6,7g, Unit Price: 8,95 €, Comparison Price: 1278,57 €/kg
Product: Elovena 6x30g karpalo-vadelma-mustikka pehmeä kaurapatukka, Unit Price: 2,99 €, Comparison Price: 16,61 €/kg
Product: Olivado Extra Virgin Macadamiaöljy 250ml, Unit Price: 7,95 €, Comparison Price: 31,80 €/l
Product: Camon kissaminttulelu mikrosirulla, Unit Price: 5,99 €, Comparison Price: 
Product: Lumene Natural Glow Poskipuna 1 Coral Glow 4 g, Unit Price: 14,50 €, Comparison Price: 362,50 €/kg
Product: Lumene Longwear Eyebrow Definer Kulmakynä 2 Keskiruskea 0,09 g, Unit Price: 10,90 €, Comparison Price: 
Product: Makeup Revolution Reloaded Sugar Pie Palette luomiväripaletti 15 sävyä, Unit Price: 6,95 €, Comparison Price: 62,61 €/kpl
Product: Smart tiskiharja luonnonharjasta vaihdettavalla päällä, Unit Price: 4,25 €, Comparison Price: 
Product: Hackman Savonia kakkulapio, Unit Price: 18,50 €, Comparison Price: 
Product: Nestlé NAN A.R. 800g Kliininen ravintovalmiste, Unit Price: 20,00 €, Comparison Price: 25,00 €/kg
Product: Coop appelsiini-mandariinitäysmehu + C 1 l, Unit Price: 2,25 €, Comparison Price: 2,25 €/l
Product: Jupiter spiraalilukko 150 cm/8 mm musta, Unit Price: 3,49 €, Comparison Price: 
Product: Rainbow unelmakääretorttu 300 g, Unit Price: 2,19 €, Comparison Price: 7,30 €/kg
Product: OLVI Vichy kivennäisvesi 1,65 l kmp, Unit Price: 2,25 €, Comparison Price: 1,12 €/l
Product: Valio Play® jogurtti 4x125 g banaani laktoositon, Unit Price: 2,55 €, Comparison Price: 5,10 €/kg
Product: Rainbow Koiranmakkara sisältää lohta täysrehu 500g, Unit Price: 1,45 €, Comparison Price: 2,90 €/kg
Product: Vire Magnesiumvalmiste magnesium 375 mg purutabletti 120 tablettia / 144 g, Unit Price: 6,95 €, Comparison Price: 0,06 €/kpl
Product: Exotic Snacks Manteli Kinuski 125g, Unit Price: 3,29 €, Comparison Price: 26,32 €/kg
Product: Piltti 190g Farmarin peruna-broilerpata lastenateria 1-3v, Unit Price: 0,50 €, Comparison Price: 2,63 €/kg
Product: Valio Bulgarian jogurtti 200 g, Unit Price: 0,98 €, Comparison Price: 4,90 €/kg
Product: Panda vadelmamuru makeislevy 145g, Unit Price: 2,35 €, Comparison Price: 16,21 €/kg
Product: Lav kuohuviinilasi Fame 21,5 cl 6 kpl, Unit Price: 10,90 €, Comparison Price: 1,82 €/kpl
Product: Piltti Pohjoisen maut 250g Pastaa ja lohta lastenateria 1-3v, Unit Price: 1,59 €, Comparison Price: 6,36 €/kg
Product: Kalaneuvos Kylmäsavukirjolohifileesiivu 100 g sauna vak, Unit Price: 4,79 €, Comparison Price: 47,90 €/kg
Product: Xtra sitruunamehu 200 ml, Unit Price: 0,75 €, Comparison Price: 3,75 €/l
Product: KakkoBrows Cosmetics Over Night Brow Oil 7ml, Unit Price: 17,90 €, Comparison Price: 
Product: Elovena 10x30g tumma suklaa täysjyvä välipalakeksi 100% kauraa, Unit Price: 3,19 €, Comparison Price: 10,63 €/kg
Product: Duni 20kpl 6cl Bio pinkki kartonkimuki x 12, Unit Price: 1,59 €, Comparison Price: 0,08 €/kpl
Product: Best Friend Lost Buddies CRAWLIES Kissan lelu lajitelma, Unit Price: 3,39 €, Comparison Price: 
Product: 12 x Kotimaista Vichy kivennäisvesi 0,33l, Unit Price: 6,18 €, Comparison Price: 1,11 €/l
Product: Juustoportti Hyvin mehu 2 dl päärynä, Unit Price: 0,20 €, Comparison Price: 1,00 €/l
Product: Boy sinappisilli 560g, Unit Price: 4,69 €, Comparison Price: 8,38 €/kg
Product: Risella Välimeren riisi 200g valmisriisi, Unit Price: 1,79 €, Comparison Price: 8,95 €/kg
Product: Seeberger 150g pähkinä-marjasekoitus, Unit Price: 3,49 €, Comparison Price: 23,27 €/kg
Product: Cristal d'Arques aromilasi Longchamp 32 cl 6 kpl, Unit Price: 31,50 €, Comparison Price: 5,25 €/kpl
Product: Fazer Mustikkasydän 320g, marjapiiras, Unit Price: 4,25 €, Comparison Price: 13,28 €/kg
Product: Rainbow liivatelehti 20 g, Unit Price: 1,05 €, Comparison Price: 52,50 €/kg
Product: Iittala 2 kpl Essence kuohuviinilasi 21 cl, kirkas, Unit Price: 37,50 €, Comparison Price: 18,75 €/kpl
Product: Magnesia Passion Puru Sitraatti 300 Magnesiumsitraattitabletti
90 tabl, Unit Price: 9,95 €, Comparison Price: 0,11 €/kpl
Product: Lav kaadin Fonte 1,2 l, Unit Price: 5,50 €, Comparison Price: 
Product: Hau-Hau Champion Viljaton lohta kastikkeessa annosateria täysravinto 85 g, Unit Price: 0,69 €, Comparison Price: 8,12 €/kg
Product: Den Gamle Fabrik enemmän marjaa vähemmän sokeria vadelmahillo 270g, Unit Price: 4,95 €, Comparison Price: 18,33 €/kg
Product: Apetit Kotimainen Juustokermaperunat pakaste 700g, Unit Price: 3,19 €, Comparison Price: 4,56 €/kg
Product: Iittala Kartio kaadin 95cl tummanharmaa, Unit Price: 85,00 €, Comparison Price: 
Product: Lumene Blur Pitkäkestoinen meikkivoide SK 15 0.5 Aamuaurinko 30ml, Unit Price: 18,50 €, Comparison Price: 616,67 €/l
Product: RCR kaadin Tattoo 0,9 l, Unit Price: 21,90 €, Comparison Price: 
Product: Risella valmis punainen & valkoinen kvinoaseos 200g, Unit Price: 1,79 €, Comparison Price: 8,95 €/kg
Product: Scrub Daddy Damp Duster, Unit Price: 4,49 €, Comparison Price: 
Product: Rimmel 4g Lasting Finish Lipstick 206 Nude Pink huulipuna, Unit Price: 8,50 €, Comparison Price: 
Product: essence all eyes on me waterproof mascara vedenkestävä ripsiväri 8 ml, Unit Price: 2,49 €, Comparison Price: 311,25 €/l
Product: Piltti Iso Välipala 150g  Omena-Mustikka, Vadelma, Karhunvatukka 1,5+v annospussi, Unit Price: 1,15 €, Comparison Price: 7,67 €/kg
Product: Piltti 150g Iso välipala Omena-vadelma-banaani 1,5+v annospussi, Unit Price: 1,19 €, Comparison Price: 7,93 €/kg
Product: Piltti Iso Välipala 150g Omena-Persikka 1,5+v annospussi, Unit Price: 1,15 €, Comparison Price: 7,67 €/kg
Product: Piltti Iso Välipala 150g Omena ja Aprikoosi 1,5+v annospussi, Unit Price: 1,15 €, Comparison Price: 7,67 €/kg
Product: Piltti 12x150g Iso välipala Säästöpakkaus 1,5+v annospussi, Unit Price: 12,95 €, Comparison Price: 7,19 €/kg
Product: Piltti 150g Iso välipala Omena-banaani-porkkana 1,5+v annospussi, Unit Price: 1,19 €, Comparison Price: 7,93 €/kg
Product: Piltti 150g Iso välipala Omena-porkkana-kurpitsa 2+v annospussi, Unit Price: 1,19 €, Comparison Price: 7,93 €/kg
Product: Piltti 150g Smoothie Jogurtti-mango-banaani-kaura 1,5v+ annospussi, Unit Price: 1,39 €, Comparison Price: 9,27 €/kg
Product: Piltti 150g Smoothie Jogurtti-mustikka-banaani-kaura 1,5v+ annospussi, Unit Price: 1,39 €, Comparison Price: 9,27 €/kg
Product: Kotimaista 1 kg Maustamaton AB jogurtti laktoositon, Unit Price: 1,30 €, Comparison Price: 1,30 €/kg
Product: Physicians Formula Murumuru butter bronzer aurinkopuuteri 11g, Unit Price: 22,90 €, Comparison Price: 2081,82 €/kg
Product: Corny Chocolate-Banana välipalapatukka 6x25g, Unit Price: 2,29 €, Comparison Price: 15,27 €/kg
Product: Elovena 10x30g uuniomena-toffee välipalakeksi 100% kauraa, Unit Price: 3,45 €, Comparison Price: 11,50 €/kg
Product: Stor muki Muumi 3,5 dl, Unit Price: 3,50 €, Comparison Price: 
Product: Fazer Kuningatarsydän 320g, marjapiiras, Unit Price: 4,25 €, Comparison Price: 13,28 €/kg
Product: Maku Talouspaperiteline akasia, Unit Price: 8,95 €, Comparison Price: 
Product: Miele GN HyClean pure pölypussi, Unit Price: 18,95 €, Comparison Price: 4,74 €/kpl
Product: Satumaista Bostonkakku 350g, Unit Price: 4,95 €, Comparison Price: 14,14 €/kg
Product: Seeberger Suklaa&Karpalo-pähkinämix 150g, Unit Price: 3,98 €, Comparison Price: 25,35 €/kg
Product: Steirerkraft Kurpitsansiemenöljy 250ml, Unit Price: 8,69 €, Comparison Price: 34,76 €/l
Product: Lumene Invisible Illumination Instant Glow Heleyttävä Meikinpohjustaja SK 30 30ml, Unit Price: 30,50 €, Comparison Price: 1016,67 €/l
Product: Kotimaista rucola rasia 50 g, Unit Price: 1,99 €, Comparison Price: 39,80 €/kg
Product: Magnex 375 mg 180 tabl., magnesiumtabletti, Vitabalans, Unit Price: 8,95 €, Comparison Price: 0,05 €/kpl
Product: Teloon tennispallo 3 kpl T801, Unit Price: 3,99 €, Comparison Price: 1,33 €/kpl
Product: RCR kuohuviinilasi Melodia 16cl 6kpl, Unit Price: 29,90 €, Comparison Price: 4,98 €/kpl
Product: Fazer Tumma leivontasuklaa 200g, Unit Price: 3,39 €, Comparison Price: 16,95 €/kg
Product: Santa Maria 230g Taco Sauce Medium, Unit Price: 2,19 €, Comparison Price: 9,52 €/kg
Product: Depend Ripsien ja Kulmakarvojen Pikavärjäys Ruskea 9017, Unit Price: 9,70 €, Comparison Price: 
Product: Oranssi helmitom. 200g, Unit Price: 1,99 €, Comparison Price: 9,95 €/kg
Product: Trube Mangopitko 350 g mangotäytteinen pitko, Unit Price: 3,45 €, Comparison Price: 9,86 €/kg
Product: Rainbow rustiikki kruunukynttilä vaaleansininen, Unit Price: 0,85 €, Comparison Price: 
Product: House kaadin Sointu 1 l, Unit Price: 6,90 €, Comparison Price: 
Product: Fynbo Delight vadelmahillo - vähemmän sokeria 260g, Unit Price: 2,79 €, Comparison Price: 10,73 €/kg
Product: Luminarc La Cave viinilasi 48cl, Unit Price: 2,90 €, Comparison Price: 
Product: Maybelline New York Lash Sensational Very black WP maskara 9,5ml, Unit Price: 12,95 €, Comparison Price: 
Product: Dronningholm Mansikka-vaniljahillo 440g, Unit Price: 3,19 €, Comparison Price: 7,25 €/kg
Product: House lautanen Lara 28 cm, Unit Price: 7,95 €, Comparison Price: 
Product: Sini Kostea moppiliina 12 kpl hajustettu, Unit Price: 9,95 €, Comparison Price: 
Product: Luminarc kuumajuomalasi Flashy 25 cl, Unit Price: 3,50 €, Comparison Price: 
Product: Danish Design Catnip Duo kissanlelu 15cm, Unit Price: 4,99 €, Comparison Price: 
Product: HK Ohuen ohut Härän kylmäsavupaisti 100 g, Unit Price: 5,49 €, Comparison Price: 54,90 €/kg
Product: Piltti Luomu 125g Omenaa ja persikkaa hedelmäsose 4kk, Unit Price: 0,99 €, Comparison Price: 7,92 €/kg
Product: Makeup Revolution Balm Glow Peach Bliss monikäyttömeikkivoide 32g, Unit Price: 8,95 €, Comparison Price: 279,69 €/kg
Product: Gosh! Mango Pineapple Soft Seltzer maustettu vesi 0,33l tlk, Unit Price: 1,69 €, Comparison Price: 4,67 €/l
Product: Dogman kissalelu 5cm 3p höyhenpallot pinkki, Unit Price: 4,29 €, Comparison Price: 
Product: Kiss Looks So Natural Trio ripsitupsut 30kpl, Unit Price: 8,90 €, Comparison Price: 
Product: Kron astiaharja softgrip, Unit Price: 1,59 €, Comparison Price: 
Product: Bolsius Lyhtykynttilä 3,5 Valkoinen, Unit Price: 0,79 €, Comparison Price: 
Product: Frolic Häränlihaa, kasviksia ja viljaa 1,5kg, Unit Price: 7,79 €, Comparison Price: 5,19 €/kg
Product: House siivilä 7 cm, Unit Price: 3,50 €, Comparison Price: 
Product: Lumene CC Color Correcting Meikkivoide SK20 Ultra Light 30ml, Unit Price: 18,90 €, Comparison Price: 630,00 €/l
Product: St. Dalfour 4 marjan hillo  284g, Unit Price: 3,95 €, Comparison Price: 13,91 €/kg
Product: essence soft & precise huultenrajauskynä 0,78g, Unit Price: 1,25 €, Comparison Price: 1250,00 €/kg
Product: Arabia lautanen 24h 26cm, Unit Price: 21,50 €, Comparison Price: 
Product: Iittala Teema teekannu 1l valkoinen, Unit Price: 56,50 €, Comparison Price: 
Product: URTEKRAM Luomu Neutraalinmakuinen Kookosöljy 480ml, Unit Price: 6,29 €, Comparison Price: 13,10 €/l
Product: RCR kaadin Timelss 1,2l, Unit Price: 18,50 €, Comparison Price: 
Product: Fazer Vadelma-mustikkapiirakka 2kpl 140g, Unit Price: 2,15 €, Comparison Price: 15,36 €/kg
Product: Oolannin valkosipuliperunat 750g, Unit Price: 3,45 €, Comparison Price: 4,60 €/kg
Product: Lumene CC Color Correcting Meikkivoide SK20 0.5 Light 30 ml, Unit Price: 18,90 €, Comparison Price: 630,00 €/l
Product: Silver Fern Farms karitsan kruunu, Unit Price: 29,90 €, Comparison Price: 
Product: Sini Keittiön puhdistusaine täyttöpakkaus 2kpl, Unit Price: 3,79 €, Comparison Price: 1,90 €/kpl
Product: Kiss MLBB, All Mine irtoripset 1 pari, Unit Price: 9,70 €, Comparison Price: 
Product: Lumene Invisible Illumination Instant Glow Sävyseerumi Universal Medium 30 ml, Unit Price: 35,90 €, Comparison Price: 1196,67 €/l
Product: La Costeña 220g Chipotle chilipippuri, Unit Price: 0,99 €, Comparison Price: 4,50 €/kg
Product: essence baby got blush poskipuna 5,5 g, Unit Price: 3,69 €, Comparison Price: 615,00 €/kg
Product: Lumene Stay Meikkivoide 0 Ultra Light 30ml, Unit Price: 9,90 €, Comparison Price: 330,00 €/l
Product: Axa spiraalilukko resolute 120/8 royal lila, Unit Price: 13,95 €, Comparison Price: 
Product: Rainbow 100g Energy Mix kuivattuja hedelmiä ja pähkinöitä, Unit Price: 2,39 €, Comparison Price: 23,90 €/kg
Product: Reformi nesteytysporetabletti mg+C+B+niasiini appelsiini 20tabl 80g ravintolisä, Unit Price: 5,50 €, Comparison Price: 0,28 €/kpl
Product: Jupiter sport kypärä valolla 58-62 cm, Unit Price: 29,95 €, Comparison Price: 
Product: Dagsmark KEVYT & SENIORI koiran kuivaruoka vehnätön kana-kaura 2 kg, Unit Price: 9,95 €, Comparison Price: 4,97 €/kg
Product: Iittala Teema lautanen 21cm valkoinen, Unit Price: 13,90 €, Comparison Price: 
Product: Lumene CC Color Correcting Meikkivoide SK20 1.5 Fair 30 ml, Unit Price: 18,90 €, Comparison Price: 630,00 €/l
Product: Herkkumaa Lakkahillo 460g, Unit Price: 7,95 €, Comparison Price: 17,28 €/kg
Product: Dr. Oetker Ristorante Piccolissima Pepperoni pakasteminipizzat 216g, Unit Price: 3,89 €, Comparison Price: 18,01 €/kg
Product: Bolsius True Scents – tuoksulämpökynttilät – Vanilla – norsunluu – 18 kpl/pakkaus, Unit Price: 2,20 €, Comparison Price: 0,12 €/kpl
Product: Rainbow 3 x 80/56g tonnikalaa paloina vedessä, Unit Price: 2,09 €, Comparison Price: 12,44 €/kg
Product: Moomin Arabia Muumi kaadin Ystävyys 1 l, Unit Price: 46,90 €, Comparison Price: 
Product: Limar sport-kypärä Scrambler 57-61 cm matta musta, Unit Price: 29,95 €, Comparison Price: 
Product: Jupiter kypärä BMX 54-58 pinkki, Unit Price: 17,95 €, Comparison Price: 
Product: Luminarc juomalasi Funambule 27 cl, Unit Price: 1,95 €, Comparison Price: 
Product: Saarioinen Mansikka-vadelmahillo 800g, Unit Price: 6,19 €, Comparison Price: 7,74 €/kg
Product: Kotimaista Välipalakeksi tumma suklaa 10 x 30g, Unit Price: 2,89 €, Comparison Price: 9,63 €/kg
Product: Rainbow hautakynttilä 96 h, Unit Price: 0,50 €, Comparison Price: 
Product: L'Oréal Paris Color Riche 362 Crystal Cappucino huultenrajauskynä 1,2 g, Unit Price: 10,50 €, Comparison Price: 
Product: essence LONG-LASTING silmänrajauskynä 0,28 g, Unit Price: 1,89 €, Comparison Price: 675,00 €/kg
Product: Duni 8kpl 13,5cl Brilliance kuohuviinilasi, Unit Price: 0,99 €, Comparison Price: 0,12 €/kpl
Product: Lumene CC Color Correcting Puuteri 2 10g, Unit Price: 19,80 €, Comparison Price: 1980,00 €/kg
Product: Lumene Natural Glow Heleyttävä meikkivoide SK20 1.5 Fair 30 ml, Unit Price: 19,90 €, Comparison Price: 663,33 €/l
Product: Sini vaihtopääsetti, Unit Price: 2,69 €, Comparison Price: 
Product: 6 x Kotimaista Hiilihapollinen lähdevesi 1,5l, Unit Price: 6,69 €, Comparison Price: 0,48 €/l
Product: Rainbow astianpesuharja, Unit Price: 1,19 €, Comparison Price: 
Product: House lautanen Isla 21 cm, Unit Price: 5,50 €, Comparison Price: 
Product: Naturel Ripsiliima latex 6ml, Unit Price: 3,95 €, Comparison Price: 
Product: Iittala Teema lautanen 26 cm, valkoinen, Unit Price: 15,50 €, Comparison Price: 
Product: RCR karahvi melodia 1,16 l, Unit Price: 18,50 €, Comparison Price: 
Product: Iittala Teema lautanen 17cm helmenharmaa, Unit Price: 12,50 €, Comparison Price: 
Product: House kuohuviinilasi akryyli Rilla 1,4 dl, Unit Price: 2,95 €, Comparison Price: 
Product: Cesar Country Stew sis. Vasikkaa ja Kalkkunaa kastikkeessa (150 g), Unit Price: 1,59 €, Comparison Price: 10,60 €/kg
Product: Maybelline New York Lash Sensational Sky High Cosmic Black maskara 7,2 ml, Unit Price: 10,95 €, Comparison Price: 1564,29 €/l
Product: Fazer Mustikkarahkapiirakka 2kpl 140g, Unit Price: 2,15 €, Comparison Price: 15,36 €/kg
Product: Lumene Natural Glow Aurinkopuuteri 1 Arctic Summer 10g, Unit Price: 16,90 €, Comparison Price: 1690,00 €/kg
Product: MUA Make Up Academy Intense Colour Lip Liner 1 g  Love Letter huultenrajauskynä, Unit Price: 1,99 €, Comparison Price: 995,00 €/kg
Product: Piltti 190g Lasagnette lastenateria 1-3v, Unit Price: 1,15 €, Comparison Price: 6,05 €/kg
Product: essence LONG-LASTING silmänrajauskynä 0,28 g, Unit Price: 1,89 €, Comparison Price: 675,00 €/kg
Product: Ehrmann Maitorahka 0,2 % g 250 g, Unit Price: 0,65 €, Comparison Price: 2,60 €/kg
Product: Electrolux pölypussi S-bag Anti-Allergy E206S 4 kpl, Unit Price: 13,95 €, Comparison Price: 3,49 €/kpl
Product: Lumene CC Color Correcting Meikkivoide SK20 Tan 30ml, Unit Price: 18,90 €, Comparison Price: 630,00 €/l
Product: Luminarc kaadin Pure Jug 1 l, Unit Price: 7,90 €, Comparison Price: 
Product: Kiss Maximum Speed Nail Glue kynsiliima 3g, Unit Price: 5,90 €, Comparison Price: 
Product: MUA Make Up Academy Intense Colour Lip Liner 1,5 g Maple huultenrajauskynä, Unit Price: 2,15 €, Comparison Price: 1075,00 €/kg
Product: Jupiter valosetti 25 lm + 4 lm paristoilla, Unit Price: 2,49 €, Comparison Price: 
Product: Piltti 250g Merimiespata lastenateria 1-3v, Unit Price: 0,59 €, Comparison Price: 2,36 €/kg
Product: Fazer Moomin suklaakeksi 175g, Unit Price: 2,99 €, Comparison Price: 17,09 €/kg
Product: Xtra kakkulapio, Unit Price: 5,25 €, Comparison Price: 
Product: Bormioli Fiori-öljypullo 0,5l 2kpl lahjapakkaus, Unit Price: 13,90 €, Comparison Price: 6,95 €/kpl
Product: Hau-Hau Champion Possuateria täysravinto 260 g, Unit Price: 1,29 €, Comparison Price: 4,96 €/kg
Product: essence BABY GOT BLUSH nestemäinen poskipuna 10, Unit Price: 4,09 €, Comparison Price: 409,00 €/l
Product: Estrella Linssisnacks Sourcream and Onion 125g, Unit Price: 2,99 €, Comparison Price: 23,92 €/kg
Product: Paese Opal trio luomiväri 2,85g, Unit Price: 11,95 €, Comparison Price: 3983,33 €/kg
Product: MUA Make Up Academy Intense Colour Lip Liner 1 g  Romance huultenrajauskynä, Unit Price: 1,99 €, Comparison Price: 995,00 €/kg
Product: Luomu kukkakaali, lisätty rautaa, 120 g, Unit Price: 0,89 €, Comparison Price: 7,42 €/kg
Product: essence eyeliner pen extra long-lasting 010 Blackest Black silmänrajaustussi 1,1 ml, Unit Price: 2,89 €, Comparison Price: 2890,00 €/l
Product: Jupiter MTB-kypärä TBBH148 58-62 cm mattamusta, Unit Price: 32,95 €, Comparison Price: 
Product: IsaDora All-in-One Lipliner Creamy Brown 1,2 ml, Unit Price: 13,90 €, Comparison Price: 
Product: Daloplast viinilasi 25 cl kirkas, Unit Price: 2,50 €, Comparison Price: 
Product: Kiss Looks So Natural Iconic irtoripset 1pari, Unit Price: 9,70 €, Comparison Price: 
Product: Crave Lammasta & Härkää koiranruoka 1kg, Unit Price: 8,29 €, Comparison Price: 8,29 €/kg
Product: Lumene Nordic Berry Curl Mascara Waterproof Black 8ml, Unit Price: 16,90 €, Comparison Price: 
Product: Max Factor Colour X-pert Soft Touch Palette 02 Crushed Bloom 4,3 g luomiväripaletti, Unit Price: 13,90 €, Comparison Price: 
Product: essence 8h matte comfort huultenrajauskynä 0,3g, Unit Price: 2,19 €, Comparison Price: 
Product: Kalsium-D3-vitamiini-magnesiumtabletti, Unit Price: 9,45 €, Comparison Price: 0,06 €/kpl
Product: Lumene Luminous Color Huultenrajauskynä 3 Vanamo 1,1 g, Unit Price: 9,60 €, Comparison Price: 
Product: Lumene Brow Care Shaping Wax 2 Harmaanruskea ​5 ml, Unit Price: 9,90 €, Comparison Price: 1980,00 €/l
Product: URTEKRAM Luomu Makeuttamaton Omena-mangosose 360g, Unit Price: 2,35 €, Comparison Price: 6,53 €/kg
Product: Marli Natur Neljä Hedelmää täysmehu 1 L, Unit Price: 2,65 €, Comparison Price: 2,65 €/l
Product: Cesar Classic Terrine sis. Vasikkaa ja Kanaa terriinissä - Koiran märkäruoka annosrasiassa - (150 g), Unit Price: 1,59 €, Comparison Price: 10,60 €/kg
Product: Diasporal sitruunanmakuinen magnesium-annosrae 300mg Direkt ravintolisä 27g/20kpl, Unit Price: 12,25 €, Comparison Price: 0,61 €/kpl
Product: Rainbow 300g koiran patee kana, Unit Price: 0,79 €, Comparison Price: 2,63 €/kg
Product: Paese Luxus trio luomiväri 3,6g, Unit Price: 11,95 €, Comparison Price: 2987,50 €/kg
Product: Taffel Hearts maissisipsi 60g, Unit Price: 1,19 €, Comparison Price: 19,83 €/kg
Product: Rainbow Mikrokuituliina 3kpl, Unit Price: 1,89 €, Comparison Price: 0,63 €/kpl
Product: Duni Bio 10kpl 50cl pinkki kartonkimuki x 12, Unit Price: 2,95 €, Comparison Price: 0,30 €/kpl
Product: Kiss Strip Lash Glue ripsiliima kirkas 7g, Unit Price: 6,90 €, Comparison Price: 
Product: Foodin Valkosuklaacashew luomu 60g, Unit Price: 2,50 €, Comparison Price: 41,67 €/kg
Product: Vire hivenaine- ja vitamiinivalmiste Kalsium-Magnesium-D-vitamiini 120 tablettia / 176 g, Unit Price: 7,19 €, Comparison Price: 0,06 €/kpl
Product: Kotimaista sitruuna vichy kivennäisvesi 0,5l, Unit Price: 0,89 €, Comparison Price: 1,38 €/l
Product: Makrobios Krom 50 mcg 100 tablettia 35g, Unit Price: 4,20 €, Comparison Price: 0,04 €/kpl
Product: L'Oréal Paris Volume Million Lashes So Couture maskara musta 9,5ml, Unit Price: 14,90 €, Comparison Price: 
Product: Depend kulmaväri musta, Unit Price: 6,90 €, Comparison Price: 
Product: Dagsmark LAPPI viljaton koiran kuivaruoka kana-peruna 2kg, Unit Price: 9,95 €, Comparison Price: 4,97 €/kg
Product: essence all eyes on me multi-effect mascara 8 ml, Unit Price: 2,49 €, Comparison Price: 311,25 €/l
Product: SINI Parkettimoppi, Unit Price: 12,89 €, Comparison Price: 
Product: Nestlé NAN Sensilac 1 Äidinmaidonkorvike 800g, Unit Price: 13,20 €, Comparison Price: 16,50 €/kg
Product: Spen Kakkualusta 25cm kulta ja hopea 2 kpl, Unit Price: 0,50 €, Comparison Price: 0,25 €/kpl
Product: Ole hyvä pyykkietikka piparminttu, Unit Price: 7,19 €, Comparison Price: 11,98 €/l
Product: House siivilä 20 cm, Unit Price: 8,90 €, Comparison Price: 
Product: Nutrilon Omneo 1 400g, kliininen ravintovalmistejauhe imeväisikäiselle, 0-6 kk., Unit Price: 9,75 €, Comparison Price: 24,38 €/kg
Product: Jupiter polkupyörän koodilukko eläinhahmolla G107 35 cm pinkki, Unit Price: 9,99 €, Comparison Price: 
Product: Luminarc viinilasi Grand Chais 35 cl, Unit Price: 3,95 €, Comparison Price: 
Product: Depend vetyperoksidi 3% nr 4018, Unit Price: 1,95 €, Comparison Price: 
Product: Filos neitsytseesamiöljy 250 ml, Unit Price: 7,39 €, Comparison Price: 29,56 €/l
Product: Rimmel 2,5ml Scandaleyes Liquid Eyeliner 001 Black nestemäinen silmänrajausväri, Unit Price: 8,90 €, Comparison Price: 
Product: Laitilan Leipä Vadelma-Mustikkakakku 400 g Laktoositon, Maidoton Kerroskakku suomalaisilla marjoilla., Unit Price: 9,55 €, Comparison Price: 23,88 €/kg
Product: essence soft & precise huultenrajauskynä 0,78g, Unit Price: 1,25 €, Comparison Price: 1250,00 €/kg
Product: Daloplast samppanjalasi 16 cl lila, Unit Price: 2,50 €, Comparison Price: 
Product: Kakkualusta 16x34cm 2kpl kulta/hopea, Unit Price: 1,49 €, Comparison Price: 0,75 €/kpl
Product: Änglamark kruunukynttilä 20 cm 30 kpl valkoinen, Unit Price: 14,50 €, Comparison Price: 0,48 €/kpl
Product: Nogel Lasten rautasiirappi, appelsiini & päärynä, 25 mg/10 ml, 250 ml, Unit Price: 17,90 €, Comparison Price: 71,60 €/l
Product: Iittala Teema lautanen 17cm musta, Unit Price: 12,50 €, Comparison Price: 
Product: Moomin Arabia Muumi Muumipeikko lastenastiasto 2-osainen, Unit Price: 42,50 €, Comparison Price: 
Product: essence soft & precise huultenrajauskynä 0,78g, Unit Price: 1,25 €, Comparison Price: 1250,00 €/kg
Product: Herkku mesivadelmahillo 300 g, Unit Price: 3,25 €, Comparison Price: 10,83 €/kg
Product: Pekan Leipä Rahkapiirakka sitruunainen 2kpl 220g, Unit Price: 4,49 €, Comparison Price: 20,41 €/kg
Product: Valio Play® jogurtti 4x125 g mansikka laktoositon, Unit Price: 2,55 €, Comparison Price: 5,10 €/kg
Product: Jupiter lasten pyöräilykypärä Lisko Y-26 48-54 cm, Unit Price: 19,95 €, Comparison Price: 
Product: Lumene Intense Precision Nestemäinen Rajausväri Musta 1,7 ml, Unit Price: 13,90 €, Comparison Price: 6950,00 €/l
Product: Best-In Mustin Maksalaatikko Koiran Tuoreruoka 500g, Unit Price: 1,99 €, Comparison Price: 3,98 €/kg
Product: Cameleo Kulmakarvaväri 3.0 Dark Brown, Unit Price: 6,90 €, Comparison Price: 
Product: Nestlé Nan 800g HA 2 maitopohjainen vieroitusvalmiste, Unit Price: 12,95 €, Comparison Price: 16,19 €/kg
Product: Jupiter BMX-kypärä TBBH601 58-62 cm musta, Unit Price: 17,95 €, Comparison Price: 
Product: essence kajaalikynä 1g, Unit Price: 1,25 €, Comparison Price: 1250,00 €/kg
Product: Hau-Hau Champion Nokian Nappulatehtaan Kanaa, riisiä & kauraa täysravinto aikuisille koirille 6 kg, Unit Price: 23,19 €, Comparison Price: 3,87 €/kg
Product: Werraton Viljaton 2 kg, Unit Price: 12,60 €, Comparison Price: 6,30 €/kg
Product: Iittala Teema kaadin 20cl valkoinen, Unit Price: 25,50 €, Comparison Price: 
Product: Nutrilon Omneo 2 800 g, kliininen ravintovalmistejauhe imeväisikäiselle, 6-12kk., Unit Price: 16,90 €, Comparison Price: 21,12 €/kg
Product: Jupiter polkupyörän U-lukko 245/166 mm HC85102, Unit Price: 17,95 €, Comparison Price: 
Product: MUA Make Up Academy Intense Colour Lip Liner 1 g  Heartfelt huultenrajauskynä, Unit Price: 1,99 €, Comparison Price: 995,00 €/kg
Product: Dagsmark KEVYT & SENIORI koiran kuivaruoka vehnätön kana-kaura 10 kg, Unit Price: 58,90 €, Comparison Price: 5,89 €/kg
Product: Purina ONE 1,5kg Small Dog <10kg Adult Runsaasti Nautaa, sisältää Riisiä koiranruoka, Unit Price: 8,69 €, Comparison Price: 5,79 €/kg
Product: SINI Staattinen Liina 45x29cm, Unit Price: 5,69 €, Comparison Price: 0,36 €/kpl
Product: Daloplast viinilasi 25 cl lila, Unit Price: 2,50 €, Comparison Price: 
Product: Jupiter BMX-kypärä TBBH601 48-54 cm turkoosi, Unit Price: 17,95 €, Comparison Price: 
Product: Rainbow 1,5kg mureat nappulat mini täysrehu pienille koirille, sisältää kanaa, Unit Price: 4,29 €, Comparison Price: 2,86 €/kg
Product: Jupiter lasten ensikypärä Y-03 Earth, koko 46-52, Unit Price: 15,95 €, Comparison Price: 
Product: Rainbow jogurtti-mansikkamyslipatukka 180 g, Unit Price: 2,09 €, Comparison Price: 11,61 €/kg
Product: Makeup Revolution Y2k Baby Forever Flawless Palette Babe Dreamer luomiväripaletti 18 sävyä 19,8g, Unit Price: 13,95 €, Comparison Price: 60,65 €/kg
Product: Rainbow lattiaharjasetti 248/218, Unit Price: 9,95 €, Comparison Price: 
Product: Nora teddies biscuits 175g lasten keksejä, Unit Price: 2,59 €, Comparison Price: 14,80 €/kg
Product: Rainbow Keksinautin täytekeksi 185 g, Unit Price: 2,45 €, Comparison Price: 13,24 €/kg
Product: Sana-sol Kalsium+D-vitamiini Sitruunanmakuinen purutabletti ravintolisä 90tabl/153g, Unit Price: 9,29 €, Comparison Price: 0,10 €/kpl
Product: Bosch pölypussi BBZ41FGALL, Unit Price: 14,95 €, Comparison Price: 
Product: essence stay ALL DAY 16h long-lasting meikkivoide 30 ml, Unit Price: 4,49 €, Comparison Price: 149,67 €/l
Product: Maybelline New York  Volum Express  Black mascara 10ml, Unit Price: 1,80 €, Comparison Price: 
Product: Oreo Remix Tiramisu&vanilla täytekeksi 157g, Unit Price: 0,99 €, Comparison Price: 6,31 €/kg
Product: Pekan Leipä Halkomunkki 2kpl 200g, Unit Price: 4,39 €, Comparison Price: 21,95 €/kg
Product: Oolannin luomu muusiperuna 400g, Unit Price: 2,99 €, Comparison Price: 7,48 €/kg
Product: Puhdas+ Tuplasinkki 25mg 22g/60kaps, Unit Price: 8,70 €, Comparison Price: 0,14 €/kpl
Product: Risella basmatiriisi lime-korianteri 200g valmisriisi, Unit Price: 1,79 €, Comparison Price: 8,95 €/kg
Product: Xtra astiaharja, Unit Price: 0,48 €, Comparison Price: 
Product: Arabia Emilia kaadin 0,35L, Unit Price: 26,90 €, Comparison Price: 
Product: House aterinteline 13x14,5 cm, Unit Price: 5,95 €, Comparison Price: 
Product: Kantolan Cream Cracker voileipäkeksi 200g, Unit Price: 1,69 €, Comparison Price: 8,45 €/kg
Product: House lautanen Lara 33 cm, Unit Price: 9,95 €, Comparison Price: 
Product: Elonen Superkanelipitko 350g, Unit Price: 2,99 €, Comparison Price: 8,54 €/kg
Product: MUA Make Up Academy Eyeshadow Palette 5 shades 3,2 g  Enchantment luomiväripaletti, Unit Price: 4,20 €, Comparison Price: 1400,00 €/kg
Product: Elovena 6x30g korvapuustinmakuinen pehmeä kaurapatukka, Unit Price: 2,99 €, Comparison Price: 16,61 €/kg
Product: Marli Juissi Sekamehujuoma 1 L, Unit Price: 1,18 €, Comparison Price: 1,18 €/l
Product: Herkkumaa Mansikkahillo 460g, Unit Price: 3,59 €, Comparison Price: 7,80 €/kg
Product: Jupiter polkupyörän lukko eläinhahmolla G102 45 cm lime, Unit Price: 9,99 €, Comparison Price: 
Product: Elovena 10x30g appelsiini-suklaa täysjyvä välipalakeksi 100% kauraa, Unit Price: 3,45 €, Comparison Price: 11,50 €/kg
Product: Valio Hyvä suomalainen Arki® pehmeä rahka 200 g laktoositon, Unit Price: 0,69 €, Comparison Price: 3,45 €/kg
Product: Hommanäs 320g Vadelmahillo, Unit Price: 3,75 €, Comparison Price: 11,72 €/kg
Product: Fresh SalaattiMestari Raikas raastesalaatti 1,0 kg GN 1/4, Unit Price: 14,90 €, Comparison Price: 
Product: Elonen Piiras Aprikoosi-suklaa 350g, Unit Price: 4,45 €, Comparison Price: 12,71 €/kg
Product: Luminarc aromilasi 25cl, Unit Price: 3,20 €, Comparison Price: 
Product: Stor muki Minecraft 2,65 dl, Unit Price: 2,50 €, Comparison Price: 
Product: essence liquid ink eyeliner waterproof brown vedenkestävä nestemäinen rajausväri ruskea 3 ml, Unit Price: 2,99 €, Comparison Price: 996,67 €/l
Product: L'Oréal Paris True Match 2.N Vanilla meikkivoide 30ml, Unit Price: 11,95 €, Comparison Price: 
Product: Hommanäs 320g Mansikkahillo 80%, Unit Price: 4,88 €, Comparison Price: 15,25 €/kg
Product: essence MULTICHROME FLAKES eyeshadow topper 01 Galactic vibes 2 g, Unit Price: 4,69 €, Comparison Price: 2345,00 €/kg
Product: Jupiter pyöräilykypärä Urban Y-18 52-56 cm turkoosi, Unit Price: 19,95 €, Comparison Price: 
Product: Fazer Ihana hetki passion-juustokakkurulla 485g, Unit Price: 12,55 €, Comparison Price: 25,88 €/kg
Product: Huhtamaki 50x200ml kartonkipikari, Unit Price: 3,79 €, Comparison Price: 0,08 €/kpl
Product: Havi 4kpl/28cm valkoinen antiikkikynttilä 8 h, Unit Price: 4,29 €, Comparison Price: 1,07 €/kpl
Product: Coop tortilla chips 150 g, Unit Price: 1,19 €, Comparison Price: 7,93 €/kg
Product: NIVEA 6pcs Daily Essentials Refining Clear-up Strips puhdistuslaput kasvojen T-alueelle, Unit Price: 5,99 €, Comparison Price: 0,75 €/kpl
Product: Lihasampo karitsan grillivarras marinoitu, Unit Price: 24,90 €, Comparison Price: 
Product: MUA Make Up Academy Intense Colour Eye Liner 1 g Streak silmänrajauskynä, Unit Price: 1,55 €, Comparison Price: 1550,00 €/kg
Product: Kotimaista kevyesti hiilihapotettu kivennäisvesi 1,5 l kmp, Unit Price: 1,29 €, Comparison Price: 0,59 €/l
Product: Hau-Hau Champion Nokian Nappulatehtaan Kanaa, riisiä & kauraa täysravinto aikuisille koirille 12 kg, Unit Price: 39,50 €, Comparison Price: 3,29 €/kg
Product: Jupiter pyöräilykypärä Urban Y-19 54-58 cm valkoinen, Unit Price: 24,95 €, Comparison Price: 
Product: Best Friend Tiny Chewers koiran aktivointilelu, lajitelma, Unit Price: 7,29 €, Comparison Price: 
Product: SportLife Nutrition Magnesium Citrate 100 kaps, Unit Price: 11,45 €, Comparison Price: 0,11 €/kpl
Product: Rainbow 250g jogurttirahka 0,9%, Unit Price: 0,45 €, Comparison Price: 1,80 €/kg
Product: Vileda SuperMocio 3Action liuskamoppi, Unit Price: 13,89 €, Comparison Price: 
Product: Del Monte 415g Persikkaviipale mehussa, Unit Price: 2,39 €, Comparison Price: 9,56 €/kg
Product: Xtra persikanpuolikkaita sokeriliemessä 820/470g, Unit Price: 1,59 €, Comparison Price: 3,38 €/kg
Product: Coop persikat puolikkaina sokeriliemessä 410/240 g, Unit Price: 1,49 €, Comparison Price: 6,21 €/kg
Product: Coop persikat viipaleina sokeriliemessä 410/240 g, Unit Price: 1,70 €, Comparison Price: 7,08 €/kg
Product: Rainbow persikanpuolikkaita sokeriliemessä 820/470g, Unit Price: 2,75 €, Comparison Price: 5,85 €/kg
Product: Rainbow persikkakuutiot mehussa 400g/250 g, Unit Price: 2,59 €, Comparison Price: 10,36 €/kg
Product: Del Monte Persikanpuolikkaat mehussa 415g, Unit Price: 2,39 €, Comparison Price: 10,17 €/kg
Product: Del Monte 420g Persikanpuolikas kevyessä sokeriliemessä, Unit Price: 2,29 €, Comparison Price: 9,74 €/kg
Product: Del Monte 825g Persikanpuolikkaat mehussa, Unit Price: 3,89 €, Comparison Price: 8,07 €/kg
Product: Del Monte 400g/235g Persikanpuolikkaita diet vedessä makeutusaineella, Unit Price: 2,39 €, Comparison Price: 10,17 €/kg
Product: Coop persikat puolikkaina sokeriliemessä 820/470 g, Unit Price: 2,75 €, Comparison Price: 5,85 €/kg
Product: Maybelline New York  Fit Me Luminous & Smooth 120 Classic Ivory -meikkivoide 30ml, Unit Price: 11,95 €, Comparison Price: 
Product: Rainbow moppisetti, Unit Price: 12,95 €, Comparison Price: 
Product: Rainbow pölypussi RB3101 4kpl + moottorisuodatin, Unit Price: 8,99 €, Comparison Price: 2,25 €/kpl
Product: Kotimaista vichy 0,5l, Unit Price: 0,89 €, Comparison Price: 1,38 €/l
Product: Maybelline New York  Fit Me Matte & Poreless 105 Natural Ivory -meikkivoide 30ml, Unit Price: 9,90 €, Comparison Price: 
Product: Depend Ripsien ja Kulmakarvojen Pikavärjäys Ruskeanmusta 9018, Unit Price: 9,70 €, Comparison Price: 
Product: Nutisal Sporty Mix pähkinäsekoitus 60g, Unit Price: 2,15 €, Comparison Price: 35,83 €/kg
Product: Den Lille Nottefabrikken Frutti Sommer​ pähkinä-hedelmäsekoitus RA 160g, Unit Price: 3,98 €, Comparison Price: 24,88 €/kg
Product: Orthex siivilä 22cm valkoinen, Unit Price: 4,50 €, Comparison Price: 
Product: Valio ananastäysmehu 1 l, Unit Price: 2,65 €, Comparison Price: 2,65 €/l
Product: Fazer Mansikka-karviaispiirakka 2kpl 140g, Unit Price: 2,15 €, Comparison Price: 15,36 €/kg
Product: Limar urban-kypärä Champ 52-58 cm Seawater, Unit Price: 39,95 €, Comparison Price: 
Product: Satumaista Cappuccino-kakku 220g, Unit Price: 5,69 €, Comparison Price: 25,86 €/kg
Product: Puhdas+ Sinkki&Echina&C-vitamiinisuihke 20ml, Unit Price: 13,80 €, Comparison Price: 690,00 €/l
Product: Kruunu Herkku Metsäsienisalaatti, Unit Price: 14,50 €, Comparison Price: 
Product: MUA Make Up Academy Pro Base Long Wear Matte Finish Foundation 30 ml 102 meikkivoide, Unit Price: 5,95 €, Comparison Price: 
Product: House syvä lautanen Stella 22 cm, Unit Price: 7,95 €, Comparison Price: 
Product: Herkku Grills Sriracha-pekoni-perunasalaatti, Unit Price: 18,90 €, Comparison Price: 
Product: Apetit Kotimainen Aura-juustoperunat pakaste 700g, Unit Price: 3,19 €, Comparison Price: 4,56 €/kg
Product: Jupiter vaijerilukko 65 cm/6 mm, Unit Price: 2,99 €, Comparison Price: 
Product: Fazer Moomin kuviokeksi 175g, Unit Price: 2,89 €, Comparison Price: 16,51 €/kg
Product: Rainbow Donitsi 200g, Unit Price: 1,59 €, Comparison Price: 7,95 €/kg
Product: Squishmallows Squeaky pehmolelu tuplapakkaus Dinot 9cm, Unit Price: 13,49 €, Comparison Price: 6,75 €/kpl
Product: Vaasan OOH Donitsi 200g 6 kpl, Unit Price: 2,59 €, Comparison Price: 12,95 €/kg
Product: Van Dijk donut cake kaakao 6kpl 150g, Unit Price: 2,99 €, Comparison Price: 19,93 €/kg
Product: Malviala minidonitsi 10kpl 150g, Unit Price: 2,25 €, Comparison Price: 15,00 €/kg
Product: St. Dalfour Omena-kanelihillo 284g, Unit Price: 3,99 €, Comparison Price: 14,05 €/kg
Product: MUA Make Up Academy Pro Base Full Coverage Matte Pressed Powder 6,5 g 120 kivipuuteri, Unit Price: 5,15 €, Comparison Price: 
Product: Vitakraft Koiran lelu Monster Ball, Unit Price: 2,00 €, Comparison Price: 60,61 €/kpl
Product: Rainbow vadelmahillo luomu 360 g, Unit Price: 2,79 €, Comparison Price: 7,75 €/kg
Product: Trube Salted Caramel -täytepitko 350 g suolakaramellitäytteinen pullapitko, Unit Price: 3,39 €, Comparison Price: 9,69 €/kg
Product: Dagsmark HÄME vehnätön koiran kuivaruoka kala-kaura 2kg, Unit Price: 9,95 €, Comparison Price: 4,97 €/kg
Product: Jupiter pyöräilykypärä Urban TBBH195 52-58 cm lime, Unit Price: 29,95 €, Comparison Price: 
Product: Schär Croissant à la française 220g, Gluteeniton voisarvi pakaste, Unit Price: 4,50 €, Comparison Price: 20,45 €/kg
Product: Ketoinen Viljaton Pizzapohja 2x100g, pakaste, Unit Price: 4,99 €, Comparison Price: 24,95 €/kg
Product: Brander Mangoleivos gton 2 kpl/160g, Unit Price: 4,99 €, Comparison Price: 31,19 €/kg
Product: Moilas Gluten-Free Tortilla 4kpl/280g kypsä pakaste, Unit Price: 5,99 €, Comparison Price: 21,39 €/kg
Product: Gluteeniton Kinkkupiiras, 500g, Unit Price: 7,99 €, Comparison Price: 15,98 €/kg
Product: Jääpalamuotti lajitelma, Unit Price: 2,95 €, Comparison Price: 
Product: House lasipurkki Hertta 0,6 l, Unit Price: 2,95 €, Comparison Price: 
Product: Havi kuumakuppi Viktoria 250ml 12kpl, Unit Price: 1,85 €, Comparison Price: 0,15 €/kpl
Product: Vitakraft Flamingo koiran lelu, Unit Price: 6,49 €, Comparison Price: 
Product: Karitsan ulkofile, Unit Price: 39,90 €, Comparison Price: 
Product: Miele FJM Pure pölypussi, Unit Price: 18,95 €, Comparison Price: 4,74 €/kpl
Product: Jopo vaijerilukko 100cm/10mm musta, Unit Price: 9,99 €, Comparison Price: 
Product: Cole & Mason  575 pippurimylly akryylia 10,5 cm, Unit Price: 16,90 €, Comparison Price: 
Product: Fresh SalaattiMestari Leipäjuustosalaatti, Unit Price: 17,90 €, Comparison Price: 
Product: Satumaista 300g Britakakku, Unit Price: 5,40 €, Comparison Price: 18,00 €/kg
Product: Perheleipuri Salonen Kanelipitko 360g kaneli-vaniljatäytteinen pullapitko, Unit Price: 4,05 €, Comparison Price: 11,25 €/kg
Product: 6 x Hartwall Vichy Original Double Salted kivennäisvesi 0,33 l, Unit Price: 3,80 €, Comparison Price: 1,46 €/l
Product: Moomin Sirkusmuumi paperipilli 197x6mm 24kpl, Unit Price: 1,75 €, Comparison Price: 0,07 €/kpl
Product: Hau-Hau Champion Nokian Nappulatehtaan Kalkkunaa & kauraa täysravinto aikuisille koirille 2 kg, Unit Price: 6,90 €, Comparison Price: 3,45 €/kg
Product: Finlayson kartonkinen kuumakuppi 20x250ml Annukka, Unit Price: 2,65 €, Comparison Price: 0,13 €/kpl
Product: Iittala 2 kpl Essence valkoviinilasi 33 cl, kirkas, Unit Price: 35,50 €, Comparison Price: 17,75 €/kpl
Product: Kotimaista sitruuna vichy 1,5l, Unit Price: 1,39 €, Comparison Price: 0,66 €/l
Product: Herkkumaa Vadelmahillo 460g, Unit Price: 4,15 €, Comparison Price: 9,02 €/kg
Product: Vida ravintolisävalimiste Rauta 50 mg pitkävaikutteinen 90 tablettia/ 39 g, Unit Price: 9,95 €, Comparison Price: 0,11 €/kpl
Product: Nitor Tekstiiliväri All in one 230g ruskea, Unit Price: 5,95 €, Comparison Price: 25,87 €/kg
Product: Moomin Arabia Finland Muumi muki 0,4L ABC S, Unit Price: 24,50 €, Comparison Price: 
Product: Lävikkö h. 22,5 cm harmaa, Unit Price: 3,50 €, Comparison Price: 
Product: Iittala Kartio juomalasi 21cl kanerva 2kpl, Unit Price: 16,50 €, Comparison Price: 8,25 €/kpl
Product: Santa Maria Refried Beans, keitettyjä pinto-papuja 215g, Unit Price: 2,25 €, Comparison Price: 10,47 €/kg
Product: Gosh Velvet Touch Lipliner Waterproof 009 Rose huultenrajauskynä 1,2g, Unit Price: 8,90 €, Comparison Price: 
Product: Rimmel Lasting Finish Lip Liner huultenrajauskynä 1,2 g, 760 90's Nude, Unit Price: 4,90 €, Comparison Price: 
Product: Huhtamaki Säästö Bioware 50x250ml kartonkinen kuumakuppi PEFC, Unit Price: 5,35 €, Comparison Price: 0,11 €/kpl
Product: Rainbow pölypussi RB1800 4kpl + moottorisuodatin, Unit Price: 8,99 €, Comparison Price: 2,25 €/kpl
Product: Seeberger Cashew & Karpalo mix 150g, Unit Price: 3,98 €, Comparison Price: 26,53 €/kg
Product: Fazer Pieni suklaakakku 340g, Unit Price: 13,90 €, Comparison Price: 40,88 €/kpl
Product: MUA Make Up Academy Professional Loose Powder 18 g Invisible Silk irtopuuteri, Unit Price: 6,55 €, Comparison Price: 
Product: Jupiter pyöräilykypärä Urban Y-18 52-56 cm, Unit Price: 19,95 €, Comparison Price: 
Product: Luminarc Funambule kaadin 1l, Unit Price: 7,50 €, Comparison Price: 
Product: Earth Control Salaattisekoitus hedelmillä 200g, Unit Price: 1,50 €, Comparison Price: 7,50 €/kg
Product: Vitabalans sinkki Zn 90 tabl., mansikan ja vadelman makuinen purutabletti, Unit Price: 5,95 €, Comparison Price: 0,07 €/kpl
Product: Meritalo Suomalainen Lakkahillo kivetön 220g, Unit Price: 6,99 €, Comparison Price: 31,77 €/kg
Product: Coop Lasagne pasta, sisältää kananmunaa 500 g, Unit Price: 2,19 €, Comparison Price: 4,38 €/kg
Product: essence the ROSE edition eyeshadow palette luomiväripaletti 10 g, Unit Price: 4,99 €, Comparison Price: 499,00 €/kg
Product: Myllyn Paras Lasagnelevyjä 500 g, Unit Price: 2,65 €, Comparison Price: 5,30 €/kg
Product: Myllyn Paras Täysjyvälasagnelevy 500 g, Unit Price: 2,99 €, Comparison Price: 5,98 €/kg
Product: Semper Gluteeniton Lasagne pasta 250g, Unit Price: 3,45 €, Comparison Price: 13,80 €/kg
Product: Rainbow Täysjyvälasagnelevyt Kananmunaton Luomu 500g, Unit Price: 2,25 €, Comparison Price: 4,50 €/kg
Product: Myllyn Paras Cannelloni 250 g Pastaputkia, Unit Price: 1,69 €, Comparison Price: 6,76 €/kg
Product: Barilla Lasagne durumvehnästä valmistettu pasta 500g, Unit Price: 3,79 €, Comparison Price: 7,58 €/kg
Product: Felicia maissi-riisi Lasagnelevy 250 g luomu, Unit Price: 3,29 €, Comparison Price: 13,16 €/kg
Product: Barilla gluteeniton lasagne 250g, Unit Price: 3,69 €, Comparison Price: 14,76 €/kg
Product: Barilla Collezione Cannelloni durumvehnästä valmistettu pasta 250g, Unit Price: 2,99 €, Comparison Price: 11,96 €/kg
Product: Rummo Lasagne all'uovo no 173 500g, Unit Price: 3,85 €, Comparison Price: 7,70 €/kg
Product: Lumene Blueberry Sensitive Mascara Black 7ml, Unit Price: 17,50 €, Comparison Price: 
Product: Dagsmark LEVI kanapatee 90 g, Unit Price: 0,95 €, Comparison Price: 10,56 €/kg
Product: Coop vadelmahillo pullossa 400 g, Unit Price: 3,25 €, Comparison Price: 8,13 €/kg
Product: Hyvän Olon Echina-Sinkkiasetaatti-C-vitamiini 60 tabl Via Naturale, Unit Price: 6,80 €, Comparison Price: 0,11 €/kpl
Product: SATUMAISTA NAPOLEONKAKKU 400G, Unit Price: 4,95 €, Comparison Price: 12,38 €/kg
Product: Electrolux pölypussi S-bag Anti-Odour E203S 4 kpl, Unit Price: 13,95 €, Comparison Price: 3,49 €/kpl
Product: Fredman paistovuoka 1,7l 3kpl, Unit Price: 2,85 €, Comparison Price: 0,95 €/kpl
Product: Electrolux pölypussi S-bag Classic Long Performance E201S 4 kpl, Unit Price: 12,95 €, Comparison Price: 3,24 €/kpl
Product: Annas Moomin mustikka & vanilja piparkakku 150g, Unit Price: 0,50 €, Comparison Price: 3,33 €/kg
Product: Makeup Revolution Ultimate Desire Palette Into The Bronze luomiväri 9 eri sävyä 8,1g, Unit Price: 8,95 €, Comparison Price: 994,44 €/kg
Product: York Classic moppisetti, Unit Price: 9,50 €, Comparison Price: 
Product: Rimmel Scandal'eyes Eye Definer 0,35 g, 001 Intense Black silmänrajauskynä, Unit Price: 7,90 €, Comparison Price: 
Product: Rainbow maapähkinä-rusinasekoitus 350 g, Unit Price: 1,85 €, Comparison Price: 5,29 €/kg
Product: Ben's Original Valmisriisi kasviksilla 220g, Unit Price: 2,05 €, Comparison Price: 9,32 €/kg
Product: essence I LOVE EXTREME volume mascara waterproof vedenkestävä ripsiväri 12 ml, Unit Price: 3,49 €, Comparison Price: 290,83 €/l
Product: Luminarc viinilasi Grand Chais 47 cl, Unit Price: 3,95 €, Comparison Price: 
Product: Dronningholm Lakkahillo 340g, Unit Price: 7,25 €, Comparison Price: 21,32 €/kg
Product: URTEKRAM Luomu Kylmäpuristettu Seesamiöljy 500ml, Unit Price: 10,79 €, Comparison Price: 21,58 €/l
Product: Taffel Zuustosnacks vegaaninen juuston makuinen maissisipsi 200g, Unit Price: 3,19 €, Comparison Price: 15,95 €/kg
Product: Hau-Hau Champion Nokian Nappulatehtaan Kanaa, riisiä & kauraa täysravinto pienille aikuisille koirille 1,5 kg, Unit Price: 6,47 €, Comparison Price: 4,31 €/kg
Product: Oolannin pannuperunat 400g, Unit Price: 2,79 €, Comparison Price: 6,98 €/kg
Product: W7 irtoripset faux silk electra, Unit Price: 5,49 €, Comparison Price: 5,49 €/pr
Product: Dagsmark ELINVOIMA & VIREYS koiran kuivaruoka vehnätön kana-kaura 2 kg, Unit Price: 9,95 €, Comparison Price: 4,97 €/kg
Product: Lumene Nordic Berry Length & Volume Mascara Ruskea, Unit Price: 11,85 €, Comparison Price: 1481,25 €/l
Product: L'Oréal Paris True Match 1.N Ivory meikkivoide 30ml, Unit Price: 11,95 €, Comparison Price: 398,33 €/l
Product: Ekströms vadelmahillo 425g, Unit Price: 4,49 €, Comparison Price: 10,56 €/kg
Product: Saima pölyhuiska teleskoppiivarrella mikrokuitua, Unit Price: 3,95 €, Comparison Price: 
Product: Iittala Aino Aalto juomalasi 22cl kirkas 2kpl, Unit Price: 12,90 €, Comparison Price: 6,45 €/kpl
Product: Moomin Sirkusmuumi lahjapussi 10kpl, Unit Price: 1,19 €, Comparison Price: 0,12 €/kpl
Product: Crave Lammasta & Härkää koiranruoka 2,8kg, Unit Price: 21,15 €, Comparison Price: 7,55 €/kg
Product: MUA Make Up Academy Metamorphosis Colour Changing Lip & Cheek Oil 7 ml OH Peachy huuliöljy, Unit Price: 1,00 €, Comparison Price: 142,86 €/l
Product: Hau-Hau Champion Viljaton lammasta hyytelössä annosateria täysravinto 85 g, Unit Price: 0,69 €, Comparison Price: 8,12 €/kg
Product: Sini Yleismoppi 40cm, Unit Price: 5,95 €, Comparison Price: 
Product: Pekan Leipä Mustikkapiirakka 2kpl 220g, Unit Price: 3,80 €, Comparison Price: 17,27 €/kg
Product: Lav viinilasi Fame 39,5 cl 6 kpl, Unit Price: 11,50 €, Comparison Price: 1,92 €/kpl
Product: URTEKRAM Luomu Paahdettu Seesamiöljy 250ml, Unit Price: 8,39 €, Comparison Price: 33,56 €/l
Product: Muurla Muumi lasimuki Niiskuneiti 3,5dl, Unit Price: 12,50 €, Comparison Price: 
Product: Coop juustosuikerot 250 g, Unit Price: 1,69 €, Comparison Price: 6,76 €/kg
Product: Gosh Brow Lift Lamination Gel 001 Transparent -kulmageeli 6ml, Unit Price: 16,90 €, Comparison Price: 2816,67 €/l
Product: Herkku Ravunpyrstö-caesarsalaatti, Unit Price: 35,90 €, Comparison Price: 
Product: Dr Beckmann 500ml Hajunpoistaja, Unit Price: 5,65 €, Comparison Price: 11,30 €/l
Product: Herkkumaa Arctic Berries Lakkahillo 260g, Unit Price: 4,05 €, Comparison Price: 15,58 €/kg
Product: Lumene Longwear Eye Pencil 3 Pehmeä harmaa 1,14 g, Unit Price: 9,50 €, Comparison Price: 9500,00 €/kg
Product: Friskies 4kg Adult Nautaa koiranruoka, Unit Price: 9,95 €, Comparison Price: 2,49 €/kg
Product: Nestlé Nan 800g HA 1 maitopohjainen äidinmaidonkorvike, Unit Price: 17,95 €, Comparison Price: 22,44 €/kg
Product: Perfect Fit Senior 10+ Kanaa 825g, Unit Price: 5,59 €, Comparison Price: 6,78 €/kg
Product: Puhdas+ Tuplasinkki 25mg 120 kaps, Unit Price: 14,95 €, Comparison Price: 0,12 €/kpl
Product: Mr. Brownie Chocolate Brownies 200g, Unit Price: 2,99 €, Comparison Price: 14,95 €/kg
Product: Seeberger Cashew & Mango mix 150g, Unit Price: 3,98 €, Comparison Price: 26,53 €/kpl
Product: Elonen Mousse Vadelma-jogurttikakku 450g, Unit Price: 14,35 €, Comparison Price: 31,89 €/kg
Product: Pekan Leipä Puolukkapiirakka 2kpl 220g, Unit Price: 4,05 €, Comparison Price: 18,41 €/kg
Product: Semper BabySemp2 Maitopohjainen vieroitusvalmiste alkaen 6 kk, jauhe 500g, Unit Price: 7,75 €, Comparison Price: 15,50 €/kg
Product: Estrella Linssisipsi Ranch 110g, Unit Price: 2,59 €, Comparison Price: 23,55 €/kg
Product: Paese Kashmir matta luomiväri 3g, Unit Price: 8,95 €, Comparison Price: 2983,33 €/kg
Product: Rimmel 14g Stay Matte Pressed Powder 004 Sandstorm kivipuuteri, Unit Price: 7,90 €, Comparison Price: 564,29 €/kg
Product: Kanniston Leipomon Suklaavadelmakakku 8-10 hlö 770 g, Unit Price: 33,80 €, Comparison Price: 43,90 €/kg
Product: Trube Kanelikierrepitko 350g kanelitäytepitko, Unit Price: 3,49 €, Comparison Price: 9,97 €/kg
Product: Lumene Blueberry Sensitive Volume Mascara 14ml, Unit Price: 17,50 €, Comparison Price: 
Product: Oululainen Pullava Kuningatarpitko 400g, Unit Price: 2,49 €, Comparison Price: 6,23 €/kg
Product: essence inner eye brightening pen silmänrajauskynä 1,02 g, Unit Price: 1,25 €, Comparison Price: 1250,00 €/kg
Product: Iittala Kartio kaadin 0,95 l, kirkas, Unit Price: 85,00 €, Comparison Price: 
Product: Spen popcorn rasia taiteltava 4kpl, Unit Price: 1,55 €, Comparison Price: 0,39 €/kpl
Product: Nogel Superrauta, acerola-kirsikka, 60 mg, 70 tbl, Unit Price: 19,90 €, Comparison Price: 0,28 €/kpl
Product: Kiss Looks So Natural -ripsitupsut Combination 70kpl, Unit Price: 6,90 €, Comparison Price: 
Product: essence 8h matte comfort huultenrajauskynä 0,3g, Unit Price: 2,19 €, Comparison Price: 
Product: Puhdistamo Tripla Sinkki + C 25 mg 60 kapselia, Unit Price: 10,49 €, Comparison Price: 0,17 €/kpl
Product: Rosten Mansikkakakku 10 henk 1000g, Unit Price: 31,90 €, Comparison Price: 31,90 €/kg
Product: L'Oréal Paris True Match  2.C Vanilla Rose meikkivoide 30ml, Unit Price: 11,95 €, Comparison Price: 398,33 €/l
Product: lavera Tinted Lip Balm -Fresh Peach 01- 4,5 g, Unit Price: 7,90 €, Comparison Price: 1580,00 €/kg
Product: Muumi Ystävät melamiinimuki 2,5dl, Unit Price: 10,50 €, Comparison Price: 
Product: Salus Blutsaft Floravital rautaa ja vitamiineja täysmehu-yrttiuutoksessa 250ml, Unit Price: 14,45 €, Comparison Price: 57,80 €/l
Product: Makeup Revolution Re-Loaded Affection Luomiväri, Unit Price: 6,95 €, Comparison Price: 
Product: Arabia lautanen Paratiisi 21cm, Unit Price: 32,50 €, Comparison Price: 
Product: House mausteteline 22,4x10,4x19,4 cm, Unit Price: 7,90 €, Comparison Price: 
Product: Duni 36cm valkoinen pyöreä reikäkuvioitu kakkupaperi 6kpl x 30, Unit Price: 1,69 €, Comparison Price: 0,28 €/kpl
Product: Kiss Looks So Natural Shy irtoripset 1pari, Unit Price: 9,70 €, Comparison Price: 
Product: RCR lasi Tattoo 34 cl 6 kpl, Unit Price: 21,90 €, Comparison Price: 3,65 €/kpl
Product: Satumaista Sitruunarahkakakku 370 g, Unit Price: 6,90 €, Comparison Price: 18,65 €/kg
Product: Laitilan Leipä Mansikkakakku 400 g Laktoositon, Maidoton Kerroskakku mansikan ystävälle, Unit Price: 9,55 €, Comparison Price: 23,88 €/kg
Product: Lumene Sheer Finish Irtopuuteri Translucent 8 g, Unit Price: 18,90 €, Comparison Price: 3150,00 €/kg
Product: Jupiter lasten pyöräilykypärä Kissa Y-26 48-54 cm, Unit Price: 19,95 €, Comparison Price: 
Product: MUA Make Up Academy Eyeshadow Palette 15 shades 12 g Blush Nudes luomiväripaletti, Unit Price: 6,95 €, Comparison Price: 579,17 €/kg
Product: Rimmel 14g Stay Matte Pressed Powder 001 Transparent kivipuuteri, Unit Price: 7,90 €, Comparison Price: 
Product: Electrolux pölypussi S-bag Ultra Long Performance E210S 3 kpl, Unit Price: 13,95 €, Comparison Price: 4,65 €/kpl
Product: Nora heart biscuits 162g lasten keksejä, Unit Price: 2,59 €, Comparison Price: 15,99 €/kg
Product: Rainbow Yleispuhdistussuihke Lemon 750 ml, Unit Price: 1,45 €, Comparison Price: 1,93 €/l
Product: Stor juomapullo Mikki 6,2 dl, Unit Price: 12,50 €, Comparison Price: 
Product: Estrella Super Crunch Cheddar & Chili juustonaksu 175g, Unit Price: 2,99 €, Comparison Price: 17,09 €/kg
Product: essence las glue ripsiliima 4,7 g, Unit Price: 3,09 €, Comparison Price: 618,00 €/kg
Product: Axa spiraalilukko resolute 12/60, Unit Price: 19,95 €, Comparison Price: 
Product: Maybelline New York Lasting Drama Liquid Ink Waterproof -nestemäinen silmänrajaus 2,5ml, Unit Price: 8,95 €, Comparison Price: 
Product: Grooved Dinner 2' 2,2x29cm vedensinen, Unit Price: 0,99 €, Comparison Price: 0,50 €/kpl
Product: Huhtamaki 10x400ml Red cup kartonkinen kylmäjuomapikari, Unit Price: 2,25 €, Comparison Price: 0,23 €/kpl
Product: Maybelline New York Colossal 02 Extra Black -maskara 10,7ml, Unit Price: 9,95 €, Comparison Price: 
Product: Rainbow pölypussi RB3100 4kpl + moottorisuodatin, Unit Price: 8,99 €, Comparison Price: 2,25 €/kpl
Product: Softcare 300ml Power Hajunpoistaja, Unit Price: 7,49 €, Comparison Price: 24,97 €/l
Product: HARIBO Chamallows Original 250g Vaahtokarkki, Unit Price: 2,75 €, Comparison Price: 11,00 €/kg
Product: Rainbow vaahtokarkit 250 g, Unit Price: 1,79 €, Comparison Price: 7,16 €/kg
Product: Rainbow minivaahtokarkit 100g, Unit Price: 1,25 €, Comparison Price: 12,50 €/kg
Product: HARIBO Chamallows Minis 150g Vaahtokarkki, Unit Price: 1,95 €, Comparison Price: 13,00 €/kg
Product: Pieni Suklaatehdas Rocky Road Vaahtokarkki 120g, Unit Price: 6,95 €, Comparison Price: 57,92 €/kg
Product: Vitatabs C + Kalkki D kalsium-magnesium-C-, D- ja K2-vitamiinitabletti 200 tabl, Unit Price: 9,50 €, Comparison Price: 0,05 €/kpl
Product: Herkkumaa Arctic Berries Puolukkahillo 260g, Unit Price: 2,99 €, Comparison Price: 11,50 €/kg
Product: Valio A+™ kreikkalainen luonnonjogurtti 1 kg laktoositon, Unit Price: 3,65 €, Comparison Price: 3,65 €/kg
Product: Jupiter BMX-kypärä TBBH601 54-58 cm turkoosi, Unit Price: 17,95 €, Comparison Price: 
Product: Moomin Arabia Finland Muumi juomalasi 22cl Yhdessä, Unit Price: 13,50 €, Comparison Price: 
Product: Hartwall Vichy Original kivennäisvesi 0,5 l, Unit Price: 2,15 €, Comparison Price: 3,90 €/l
Product: Jupiter takavalo 4,5 lm paristoilla, Unit Price: 0,99 €, Comparison Price: 
Product: ONNI Pyykkietikka 750 ml Bergamot-Lime, Unit Price: 3,59 €, Comparison Price: 4,79 €/l
Product: essence BLUSH crush! poskipuna 20, Unit Price: 3,09 €, Comparison Price: 618,00 €/kg
Product: Findus Pommes Noisettes perunapallot 350g, pakaste, Unit Price: 2,45 €, Comparison Price: 7,00 €/kg
Product: La Costeña 199g Jalapenoviipale, Unit Price: 0,79 €, Comparison Price: 6,08 €/kg
Product: Jupiter spiraalilukko 150 cm/8 mm punainen, Unit Price: 7,99 €, Comparison Price: 
Product: House metallipillit 4 kpl ja puhdistusharja 21222561VT, Unit Price: 5,90 €, Comparison Price: 1,18 €/kpl
Product: Juoksuvyö kolmella taskulla, Unit Price: 29,95 €, Comparison Price: 
Product: essence micro precise kulmakynä 0,05g, Unit Price: 2,49 €, Comparison Price: 2490,00 €/kg
Product: Makeup Revolution Re-Loaded Palette - Velvet Rose Eyeshadow Luomiväri, Unit Price: 6,95 €, Comparison Price: 
Product: essence make me BROW kulmageeli 3,8 ml, Unit Price: 3,09 €, Comparison Price: 772,50 €/l
Product: Electrolux pölynimurin raikastinrakeet, fariinisokeri&viikuna, Unit Price: 6,50 €, Comparison Price: 
Product: Bonne Maman 370g Mansikkahillo, Unit Price: 4,39 €, Comparison Price: 11,86 €/kg
Product: L'Oréal Paris Infaillible Brows 24H Micro Precision 3.0 Brunette kulmakynä 0,9g, Unit Price: 9,90 €, Comparison Price: 
Product: Arabia lautanen Pastoraali 24cm, Unit Price: 21,90 €, Comparison Price: 
Product: Cesar Country Stew sis. Kanaa, Kasviksia ja Persilijaa kastikkeessa (150 g), Unit Price: 1,59 €, Comparison Price: 10,60 €/kg
Product: ONNI Pyykkietikka Hajusteeton 750 ml, Unit Price: 3,59 €, Comparison Price: 4,79 €/l
Product: L'Oréal Paris Telescopic Extra Black Maskara 8ml, Unit Price: 11,95 €, Comparison Price: 
Product: Rainbow pölypussi RB2000 4kpl + moottorisuodatin, Unit Price: 8,99 €, Comparison Price: 2,25 €/kpl
Product: Taffel Jumbojuusto bacon & cheddar maustettu juustosnacks 235g, Unit Price: 2,02 €, Comparison Price: 8,60 €/kg
Product: Luminarc jääkaappikannu 1,1 l  luminarc, Unit Price: 7,50 €, Comparison Price: 
Product: Lipton Sitruunanmakuinen jääteejuomajauhe 50g, Unit Price: 1,25 €, Comparison Price: 24,04 €/kg
Product: Nestlé 333g Lemontea teejuomajauhe, Unit Price: 2,99 €, Comparison Price: 8,98 €/kg
Product: Lipton Persikanmakuinen jääteejuomajauhe 50g, Unit Price: 1,25 €, Comparison Price: 25,00 €/kg
Product: Lipton Mangonmakuinen jääteejuomajauhe 50g, Unit Price: 1,25 €, Comparison Price: 25,00 €/kg
Product: Espresso House Chai teejuomajauhe 340g, Unit Price: 10,95 €, Comparison Price: 32,21 €/kg
Product: Limar ensikypärä Kid pro S 46-52 violetti, Unit Price: 29,95 €, Comparison Price: 
Product: Hartwall Vichy Original kivennäisvesi 1,5 l, Unit Price: 2,95 €, Comparison Price: 1,70 €/l
Product: Havi Kruunukynttilä valkoinen 20cm 5kpl 7h, Unit Price: 3,45 €, Comparison Price: 0,69 €/kpl
Product: House kulho Terttu 14 cm, Unit Price: 5,50 €, Comparison Price: 
Product: Mama Katkaravunmakuinen nuudeli creamy tom yum 90g, Unit Price: 0,75 €, Comparison Price: 8,33 €/kg
Product: Perfect Fit Adult 1+ Kanaa 825g, Unit Price: 5,59 €, Comparison Price: 6,78 €/kg
Product: Oululainen Pullava Dallaspitko 400g, Unit Price: 2,49 €, Comparison Price: 6,23 €/kg
Product: Dronningholm Puolukkahillo 440g, Unit Price: 3,79 €, Comparison Price: 8,61 €/kg
Product: Jupiter etuhuomiovalo silikoni, erilaisia, Unit Price: 2,99 €, Comparison Price: 
Product: God Morgon Classic Appelsiini-verigreippi täysmehu 100% 1 L, Unit Price: 2,98 €, Comparison Price: 2,98 €/l
Product: Jupiter polkupyörän lukko eläinhahmolla G102 45 cm pinkki, Unit Price: 9,99 €, Comparison Price: 
Product: Muurla Muumi lasimuki Muumipeikko 3,5dl, Unit Price: 12,50 €, Comparison Price: 
Product: Depend kulmaväri ruskeanmusta, Unit Price: 6,90 €, Comparison Price: 
Product: Vitatabs Sinkkiasetaatti sinkkitabletti mentoli-freshmint 60 tabl, Unit Price: 5,80 €, Comparison Price: 0,10 €/kpl
Product: Apetit Porkkana-Perunamuusi pakaste 350g, Unit Price: 1,60 €, Comparison Price: 4,57 €/kg
Product: Rainbow 750g valkosipulikermaperunat pakaste, Unit Price: 3,35 €, Comparison Price: 4,47 €/kg
Product: Herkkumaa Puolukkahillo 460g, Unit Price: 3,75 €, Comparison Price: 8,15 €/kg
Product: Rainbow kylmägeeli 150ml tuubi, Unit Price: 4,99 €, Comparison Price: 
Product: Sunmed pikakylmäpakkaus 300 g, Unit Price: 1,79 €, Comparison Price: 
Product: Icepower Active kylmägeeli 150ml, Unit Price: 7,99 €, Comparison Price: 
Product: Icepower kylmäspray 200ml, Unit Price: 7,99 €, Comparison Price: 
Product: Sunmed pikakylmäpakkaus 100 g, Unit Price: 1,59 €, Comparison Price: 
Product: Sunmed kylmä-lämpöpakkaus 230 g, Unit Price: 4,99 €, Comparison Price: 
Product: Icepower Roll kylmägeeli roll-tuubi, Unit Price: 9,99 €, Comparison Price: 
Product: COOL-X Kylmägeeli 50 ml, Unit Price: 3,99 €, Comparison Price: 79,80 €/l
Product: Tummeli 150ml Kylmägeeli, Unit Price: 5,80 €, Comparison Price: 38,67 €/l
Product: Magnesium In Strong magnesiumvoide 90g, Unit Price: 6,99 €, Comparison Price: 77,67 €/kg
Product: Cool-X urheilijan kipuvoide 150 ml, Unit Price: 8,99 €, Comparison Price: 
Product: Magnesium In epsom-suola 500g, Unit Price: 7,99 €, Comparison Price: 15,98 €/kg
Product: Gymstick 200ml nestemäinen kalkki, Unit Price: 9,99 €, Comparison Price: 
Product: Cool-X pallogeeli kylmä-kuumapussi, Unit Price: 9,99 €, Comparison Price: 
Product: McDavid 199 nilkkatuki nauhoilla L, Unit Price: 44,95 €, Comparison Price: 
Product: ICE ´n´ HOT 90 g kuuma/kylmävoide, Unit Price: 8,99 €, Comparison Price: 
Product: ICE POWER PIKAKYLMÄPAKKAUS SOFT, Unit Price: 4,99 €, Comparison Price: 
Product: COOL-X Hierontaöljy 150 ml, Unit Price: 7,99 €, Comparison Price: 53,27 €/l
Product: Icepower lämpögeeli 75ml, Unit Price: 6,99 €, Comparison Price: 
Product: MUA Make Up Academy Eye Define Felt Liner 0,6 ml silmänrajaustussi, Unit Price: 2,90 €, Comparison Price: 
Product: Myllyn Paras Pyöreä Ruis-Kaura Piirakkataikina 380g, Unit Price: 3,19 €, Comparison Price: 8,39 €/kg
Product: Nogel Rautasiirappi, appelsiini & päärynä, 50 mg/15 ml, 250 ml, Unit Price: 18,90 €, Comparison Price: 75,60 €/l
Product: essence soft touch luomiväri 2g, Unit Price: 2,39 €, Comparison Price: 1195,00 €/kg
Product: Muurla Muumi lasimuki Nuuskamuikkunen 3,5dl, Unit Price: 12,50 €, Comparison Price: 
Product: Ferroforte B + C nestemäinen rauta-vitamiinivalmiste 250 ml, Unit Price: 7,20 €, Comparison Price: 28,80 €/l
Product: Sana-sol vahva rauta 50 mg + C-vitamiini ravintolisä 150 tabl / 84 g, Unit Price: 9,49 €, Comparison Price: 0,06 €/kpl
Product: Coop BBQ-ristikkoperunat 600 g pakaste, Unit Price: 2,15 €, Comparison Price: 3,58 €/kg
Product: lavera Juicy Lips Oil -huuliöljy 5,5ml, Unit Price: 15,50 €, Comparison Price: 2583,33 €/l
Product: Fresh SalaattiMestari Mustikkainen juustosalaatti 2,0kg GN1/1, Unit Price: 28,90 €, Comparison Price: 
Product: essence 8h matte comfort huultenrajauskynä 0,3g, Unit Price: 2,19 €, Comparison Price: 
Product: MUA Make Up Academy Intense Colour Lip Liner 1 g  Mystic huultenrajauskynä, Unit Price: 1,99 €, Comparison Price: 995,00 €/kg
Product: Swiffer Duster pölyhuiska 10kpl täyttöpakkaus, Unit Price: 5,00 €, Comparison Price: 0,50 €/kpl
Product: Juomapullo Tritan 0,6 l, Unit Price: 5,45 €, Comparison Price: 
Product: MUA Make Up Academy Eyeshadow Palette 15 shades 12 g Kaleidoscope luomiväripaletti, Unit Price: 6,95 €, Comparison Price: 579,17 €/kg
Product: Juomapullo Tritan 0,6 l, Unit Price: 5,45 €, Comparison Price: 
Product: Depend kulmaväri ruskea, Unit Price: 6,90 €, Comparison Price: 
Product: Maitokolmio FIT vähälaktoosinen pehmeä rahka 200g, Unit Price: 0,69 €, Comparison Price: 3,45 €/kg
Product: Lumene Stay Meikkivoide 2 Fair 30ml, Unit Price: 9,90 €, Comparison Price: 330,00 €/l
Product: Sini ikkunankuivain 40cm, Unit Price: 8,79 €, Comparison Price: 
Product: Moomin Arabia Muumi Niiskuneiti muki 0,3 l liila, Unit Price: 18,90 €, Comparison Price: 
Product: GastroMax kahvimitta 7 g valkoinen, Unit Price: 1,50 €, Comparison Price: 
Product: Rainbow rikkasetti, Unit Price: 2,95 €, Comparison Price: 
Product: Rainbow pölypussi RB1002 4kpl + moottorisuodatin, Unit Price: 8,99 €, Comparison Price: 2,25 €/kpl
Product: Riitan Herkku 440g Kuningatarpiirakka, Unit Price: 4,29 €, Comparison Price: 9,75 €/kg
Product: Jupiter lasten ensikypärä Y-03 Sateenkaari, koko 46-52, Unit Price: 7,00 €, Comparison Price: 
Product: Spen hampurilaistikku 11cm 50kpl, Unit Price: 0,89 €, Comparison Price: 0,02 €/kpl
Product: essence 8h matte comfort huultenrajauskynä 0,3g, Unit Price: 2,19 €, Comparison Price: 
Product: Spen annoskoriste aurinkovarjo 10 kpl, Unit Price: 0,85 €, Comparison Price: 0,09 €/kpl
Product: Frozen kulho Elements, Unit Price: 3,50 €, Comparison Price: 
Product: Kotimaista 6x0,5l hiilihapotettu lähdevesi, Unit Price: 3,69 €, Comparison Price: 0,83 €/l
Product: 24 x Hartwall Vichy Original kivennäisvesi 0,33 l, Unit Price: 13,39 €, Comparison Price: 1,39 €/l
Product: Meira Manteli-rusinasekoitus 120g, Unit Price: 1,49 €, Comparison Price: 12,42 €/kg
Product: Fazer Taikayö suklaakakkurulla 485g, Unit Price: 12,55 €, Comparison Price: 25,88 €/kg
Product: Del Monte 415g/250g Hedelmäcocktail mehussa, Unit Price: 2,65 €, Comparison Price: 10,60 €/kg
Product: House hedelmäkori ø 31 cm, Unit Price: 6,70 €, Comparison Price: 
Product: Limar BMX-kypärä 360 52-59 cm matta musta, Unit Price: 34,95 €, Comparison Price: 
Product: essence all about matt! fixing compact powder kivipuuteri 8 g, Unit Price: 3,69 €, Comparison Price: 461,25 €/kg
Product: Gosh Velvet Touch Lipliner Waterproof 001 Nougat Crisp huultenrajauskynä 1,2g, Unit Price: 8,90 €, Comparison Price: 
Product: Elovena 6x30g tumma suklaa pehmeä kaurapatukka, Unit Price: 2,99 €, Comparison Price: 16,61 €/kg
Product: Meritalo Lakkahillo 310g, Unit Price: 6,99 €, Comparison Price: 22,55 €/kg
Product: Saarioinen Vadelmahillo 800g, Unit Price: 6,65 €, Comparison Price: 8,31 €/kg
Product: Mirame öljypitoinen kynsilakanpoistoaine 125ml, Unit Price: 2,95 €, Comparison Price: 23,60 €/l
Product: Risella Basmatiriisi kookos-sitruunaruoho 200g valmisriisi, Unit Price: 1,79 €, Comparison Price: 8,95 €/kg
Product: Impolan Kasvitilan kylmäpuristettu hampunsiemenöljy 250 ml, Unit Price: 4,60 €, Comparison Price: 18,40 €/l
Product: Sicilia Limettitäysmehu 200ml makeuttamaton, Unit Price: 1,65 €, Comparison Price: 8,25 €/l
Product: Havi hautakynttilä refill 6kpl 24h, Unit Price: 7,25 €, Comparison Price: 1,21 €/kpl
Product: MUA Make Up Academy Intense Colour Lip Liner 1 g Heroic huultenrajauskynä, Unit Price: 1,99 €, Comparison Price: 995,00 €/kg
Product: Bolsius True Scents – tuoksulämpökynttilät – Granaattiomena – punainen – 18 kpl/pakkaus, Unit Price: 2,65 €, Comparison Price: 0,15 €/kpl
Product: Iittala Kartio juomalasi 40cl kirkas 2kpl, Unit Price: 19,50 €, Comparison Price: 9,75 €/kpl
Product: York Classic vaihtomoppiliina, Unit Price: 3,19 €, Comparison Price: 
Product: Axa spiraalilukko resolute 10/150 koodi, Unit Price: 22,95 €, Comparison Price: 
Product: Apetit Kotimainen Valkosipulikermaperunat pakaste 700g, Unit Price: 3,19 €, Comparison Price: 4,56 €/kg
Product: Lumene Natural Glow Aurinkopuuteri 2 Arctic Sun 10g, Unit Price: 16,90 €, Comparison Price: 1690,00 €/kg
Product: Stor lautanen Spiderman, Unit Price: 3,90 €, Comparison Price: 
Product: Herkku mansikkahillo 300 g, Unit Price: 5,95 €, Comparison Price: 19,83 €/kg
Product: House kulho Sointu 14 cm sininen, Unit Price: 6,95 €, Comparison Price: 
Product: Rainbow 750g perunaviipaleet pakaste, Unit Price: 2,05 €, Comparison Price: 2,73 €/kg
Product: Elonen HELMI Mustikkainen Juustokakku 550g, Unit Price: 16,89 €, Comparison Price: 30,71 €/kg
Product: Hau-Hau Champion Riista-ateria täysravinto 260 g, Unit Price: 1,29 €, Comparison Price: 4,96 €/kg
Product: MUA Make Up Academy Satin Sheen Lip Stylo  2,4 g Romance huulipuna, Unit Price: 3,95 €, Comparison Price: 1975,00 €/kg
Product: Änglamark kruunukynttilä 24 cm 20 kpl valkoinen, Unit Price: 11,50 €, Comparison Price: 0,57 €/kpl
Product: Lav lasi Odin 33 cl 6 kpl, Unit Price: 12,50 €, Comparison Price: 2,08 €/kpl
Product: Foodin Neitsytkookosöljy, kylmäpuristettu, Luomu, 400ml, Unit Price: 6,45 €, Comparison Price: 16,13 €/l
Product: Ferroforte B + C rautasitraatti-vitamiinitabletti 120 tabl, Unit Price: 7,09 €, Comparison Price: 0,06 €/kpl
Product: Iittala Teema lautanen 23cm valkoinen, Unit Price: 14,90 €, Comparison Price: 
Product: Salus Blutsaft Floradix rautaa ja vitamiineja täysmehu-yrttiuutoksessa 500ml, Unit Price: 22,80 €, Comparison Price: 45,60 €/l
Product: Apetit Vihannessekoitus pakaste 250 g, Unit Price: 0,75 €, Comparison Price: 3,00 €/kg
Product: AXA Ren II runkolukko musta, Unit Price: 15,95 €, Comparison Price: 
Product: Elovena 10x30g kaura-hedelmä täysjyvä välipalakeksi 100% kauraa, Unit Price: 3,45 €, Comparison Price: 11,50 €/kg
Product: essence dip eyeliner waterproof 24h long-lasting vedenkestävä silmänrajausväri 01 black 3 ml, Unit Price: 3,49 €, Comparison Price: 1163,33 €/l
Product: Rainbow moppiliina mikrokuitu, Unit Price: 3,39 €, Comparison Price: 
Product: Lumene CC Color Correcting Meikkivoide SK20 2 Medium 30 ml, Unit Price: 18,90 €, Comparison Price: 630,00 €/l
Product: Lumene Stay Luminous Matte Puuteri 2 10g, Unit Price: 16,90 €, Comparison Price: 1690,00 €/kg
Product: MUA Make Up Academy Eyeshadow Palette 5 shades 3,2 g  Neutral Wanderlust luomiväripaletti, Unit Price: 4,20 €, Comparison Price: 1400,00 €/kg
Product: Riitan Herkku Kinuskikakku 700g, Unit Price: 16,29 €, Comparison Price: 23,27 €/kg
Product: Sini pölyliina laminaatille 43x29cm 20kpl, Unit Price: 5,95 €, Comparison Price: 0,30 €/kpl
Product: RCR cocktailmalja Tattoo 27 cl 6 kpl, Unit Price: 25,50 €, Comparison Price: 4,25 €/kpl
Product: Elovena 10x30g karpalo-kinuski täysjyvä välipalakeksi 100% kauraa, Unit Price: 3,19 €, Comparison Price: 10,63 €/kg
Product: Nestlé NAN Pro 1 äidinmaidonkorvike 800g, Unit Price: 14,20 €, Comparison Price: 17,75 €/kg
Product: Jupiter polkupyörän spiraalilukko G501 100 cm, Unit Price: 12,95 €, Comparison Price: 
Product: Van Dijk donut cake kaakao 6kpl 150g, Unit Price: 2,99 €, Comparison Price: 19,93 €/kg
Product: House kakkuvati Lara 33 cm, Unit Price: 13,50 €, Comparison Price: 
Product: IsaDora All-in-One Lipliner Dusty Rose 1,2 ml, Unit Price: 13,90 €, Comparison Price: 
Product: Arabia lautanen Paratiisi 26cm, Unit Price: 38,50 €, Comparison Price: 
Product: Rainbow pölypussi RB3001 4kpl + moottorisuodatin, Unit Price: 8,99 €, Comparison Price: 2,25 €/kpl
Product: URTEKRAM Luomu Reilu kauppa Kylmäpuristettu Kookosöljy 480ml, Unit Price: 7,95 €, Comparison Price: 16,56 €/l
Product: Rainbow mansikkahillo luomu 360 g, Unit Price: 2,99 €, Comparison Price: 8,31 €/kg
Product: essence 8h matta nestemäinen huulipuna 2,5 ml, Unit Price: 1,50 €, Comparison Price: 500,00 €/l
Product: Santa Maria Taco Spice Mix mausteseos jauhelihalle 28 g, Unit Price: 1,15 €, Comparison Price: 41,07 €/kg
Product: Santa Maria Taco Spice Mix mausteseos jauhelihalle 3 kpl, 3 x 28 g, Unit Price: 2,79 €, Comparison Price: 33,21 €/kg
Product: Santa Maria Fajita Spice Mix Original mausteseos kanalle 28 g, Unit Price: 1,09 €, Comparison Price: 38,93 €/kg
Product: Santa Maria Crispy Chicken Spice Mix Mausteseos kanalle 50 g, Unit Price: 1,25 €, Comparison Price: 25,00 €/kg
Product: Coop tacomausteseos mild 36 g, Unit Price: 0,75 €, Comparison Price: 20,83 €/kg
Product: Coop fajitamausteseos mild 36 g, Unit Price: 0,32 €, Comparison Price: 8,89 €/kg
Product: Santa Maria Chicken Taco Spice Mix mausteseos kanalle 28 g, Unit Price: 1,19 €, Comparison Price: 42,50 €/kg
Product: Xtra tacomausteseos 30 g, Unit Price: 0,32 €, Comparison Price: 10,67 €/kg
Product: Santa Maria Taco Spice Mix Hot Cayenne tulinen mausteseos 28 g, Unit Price: 1,09 €, Comparison Price: 38,93 €/kg
Product: Poppamies Texmex Spice Mix Tacos medium mausteseos 23g, Unit Price: 0,95 €, Comparison Price: 41,30 €/kg
Product: Coop tacomausteseos mild 3-pack 108 g, Unit Price: 1,99 €, Comparison Price: 18,43 €/kg
Product: Santa Maria 28G Chili & Lime Taco Spice Mix, Unit Price: 1,49 €, Comparison Price: 53,21 €/kg
Product: Old El Paso 30g Fajita Spice Mix maustesekoitus Smoky BBQ, Unit Price: 0,99 €, Comparison Price: 33,00 €/kg
Product: Smokey Spice Mix - Savuinen mausteseos, jossa savustettua paprikaa, chiliä ja kuminaa., Unit Price: 1,25 €, Comparison Price: 52,08 €/kg
Product: Old El Paso 25g Taco Mausteseos Original, Unit Price: 0,99 €, Comparison Price: 39,60 €/kg
Product: Classic Spice Mix - Mausteseos paprikan, valkosipulin ja sinapin maulla., Unit Price: 1,25 €, Comparison Price: 52,08 €/kg
Product: Poppamies Texmex Spice Mix Fajitas mausteseos 20g, Unit Price: 0,95 €, Comparison Price: 47,50 €/kg
Product: Santa Maria Burrito Spice Mix mausteseos 28 g, Unit Price: 1,09 €, Comparison Price: 38,93 €/kg
Product: Santa Maria Chili Con Carne Spice Mix, mausteseos 40g, Unit Price: 1,09 €, Comparison Price: 38,93 €/kg
Product: Santa Maria 100G Spice Paste Chicken Tacos, Unit Price: 1,99 €, Comparison Price: 19,90 €/kg
Product: Santa Maria Vegetarian Taco Mix Kasvistacotäyte, 65g, Unit Price: 2,39 €, Comparison Price: 36,77 €/kg
Product: Santa Maria Guacamole Dip Mix Mausteseos 15 g, Unit Price: 1,09 €, Comparison Price: 72,67 €/kg
Product: Old El Paso 45g Cheddar Dip Mix, Unit Price: 1,59 €, Comparison Price: 35,33 €/kg
Product: Santa Maria Dip Mix American Ranch mausteseos 14 g, Unit Price: 1,29 €, Comparison Price: 92,14 €/kg
Product: Axa ketjulukko absolute 90/5, Unit Price: 39,95 €, Comparison Price: 
Product: Eclat Ultime kuohuviinilasi 21cl 6kpl, Unit Price: 30,50 €, Comparison Price: 5,08 €/kpl
Product: Hau-Hau Champion Viljaton kanaa kastikkeessa annosateria täysravinto 85 g, Unit Price: 0,69 €, Comparison Price: 8,12 €/kg
Product: Piltti 12x150g Iso välipala Säästöpakkaus 1,5+v annospussi, Unit Price: 12,95 €, Comparison Price: 7,19 €/kg
Product: Duni 28cm valkoinen pyöreä kakkualusta 6kpl x 52, Unit Price: 0,50 €, Comparison Price: 0,08 €/kpl
Product: Luminarc kuumajuomalasi Flashy 25 cl, Unit Price: 3,50 €, Comparison Price: 
Product: Fazer Carneval keksi 175g, Unit Price: 3,65 €, Comparison Price: 20,86 €/kg
Product: Kotimaista 250g rasvaton laktoositon maitorahka, Unit Price: 0,65 €, Comparison Price: 2,60 €/kg
Product: Trinol torjuntatikku, 12 kpl Sticky Bug liima-ansoja, Unit Price: 9,95 €, Comparison Price: 0,83 €/kpl
Product: Rungonsuoja 90cm 5kpl ruskea, Unit Price: 4,95 €, Comparison Price: 
Product: Tarha-Tuote rungonsuoja 60cm 5kpl ruskea, Unit Price: 3,50 €, Comparison Price: 
Product: Luminarc La Cave lasi 34cl, Unit Price: 1,90 €, Comparison Price: 
Product: Revolution huultenmuotoilusetti Lip Lift Kit Rose Pink, Unit Price: 11,95 €, Comparison Price: 919,23 €/l
Product: Roundup Nurmikon rikkakasvi-esto plus 5,6kg, Unit Price: 29,95 €, Comparison Price: 5,35 €/kg
Product: Softcare Etana Stop 500 ml, Unit Price: 8,95 €, Comparison Price: 17,90 €/l
Product: Roundup Speed X käyttövalmis rikkakasvien torjunta-aine 2,5L, Unit Price: 54,90 €, Comparison Price: 21,96 €/l
Product: Thermacell hyttystorjuntalaite Mini Halo grafiitinharmaa, Unit Price: 39,00 €, Comparison Price: 
Product: Vaasan OOH Donitsi 200g 6 kpl, Unit Price: 2,59 €, Comparison Price: 12,95 €/kg
Product: Rainbow puolukkahillo luomu 340 g, Unit Price: 2,55 €, Comparison Price: 7,50 €/kg
Product: Kotimaista 2dl laktoositon ESL 35% kuohukerma, Unit Price: 1,15 €, Comparison Price: 5,75 €/l
Product: Kotimaista 2dl ESL 35% kuohukerma, Unit Price: 1,15 €, Comparison Price: 5,75 €/l
Product: Valio Keittiön kuohukerma 3,3 dl laktoositon, Unit Price: 2,89 €, Comparison Price: 8,76 €/l
Product: Maitokolmio kuohukerma 5dl, Unit Price: 3,15 €, Comparison Price: 6,30 €/l
Product: Arla Lempi Kuohukerma luomu 2 dl, Unit Price: 1,45 €, Comparison Price: 7,25 €/l
Product: Arla Kuohukerma 5 dl Suomi, Unit Price: 3,29 €, Comparison Price: 6,58 €/l
Product: Arla Kuohukerma 2 dl Suomi, Unit Price: 1,59 €, Comparison Price: 7,95 €/l
Product: Valio Luomu™ kuohukerma 2 dl laktoositon, Unit Price: 1,49 €, Comparison Price: 7,45 €/l
Product: Valio kahvikerma 10 % 3,3 dl laktoositon, Unit Price: 2,29 €, Comparison Price: 6,94 €/l
Product: Valio kahvikerma 2 dl laktoositon, Unit Price: 1,09 €, Comparison Price: 5,45 €/l
Product: Tupla Kingsize suklaapatukka 85g, Unit Price: 1,45 €, Comparison Price: 17,06 €/kg
Product: Daim Double suklaapatukka 56g, Unit Price: 0,95 €, Comparison Price: 16,67 €/kg
Product: Snickers 2pack suklaapatukka 75g, Unit Price: 0,99 €, Comparison Price: 13,20 €/kg
Product: Fazer Geisha Crunchy suklaapatukka 50g, Unit Price: 1,35 €, Comparison Price: 27,00 €/kg
Product: Karl Fazer Crunchy suklaapatukka 55g, Unit Price: 1,35 €, Comparison Price: 24,55 €/kg
Product: Tupla Maxi suklaapatukka 50g, Unit Price: 0,89 €, Comparison Price: 17,80 €/kg
Product: Fazer Dumle Crunchy Salted Caramel suklaapatukka 55g, Unit Price: 1,35 €, Comparison Price: 24,55 €/kg
Product: Tupla Double Layer White Nougat suklaapatukka 48g, Unit Price: 0,89 €, Comparison Price: 18,54 €/kg
Product: 5-pack Tupla Maxi suklaapatukka 250g, Unit Price: 3,49 €, Comparison Price: 13,96 €/kg
Product: Snickers suklaapatukka 50g, Unit Price: 0,89 €, Comparison Price: 17,80 €/kg
Product: Mars 2-pack suklaapatukka 70g, Unit Price: 0,99 €, Comparison Price: 14,14 €/kg
Product: Nestlé Lion 42g suklaakuorrutteinen vohvelipatukka, Unit Price: 0,69 €, Comparison Price: 16,43 €/kg
Product: Karl Fazer Crunchy Black Edition suklaapatukka 55g, Unit Price: 1,39 €, Comparison Price: 25,27 €/kg
Product: Mars suklaapatukka 51g, Unit Price: 0,89 €, Comparison Price: 17,45 €/kg
Product: Tupla Double Layer Banana suklaapatukka 48g, Unit Price: 0,89 €, Comparison Price: 18,54 €/kg
Product: Snickers suklaapatukka monipakkaus 5x50g, Unit Price: 2,99 €, Comparison Price: 11,96 €/kg
Product: Mars suklaapatukka monipakkaus 5x45g, Unit Price: 2,99 €, Comparison Price: 13,29 €/kg
Product: Daim Double Strawberry  suklaapatukka 56g, Unit Price: 0,95 €, Comparison Price: 16,96 €/kg
Product: Nestlé Lion 40g vähärasvaista kaakaojauhetta sisältävä vohveli, brownien makuista täytettä, toffeeta ja vehnämuroja, kuorrutettu maitosuklaalla, Unit Price: 0,69 €, Comparison Price: 17,25 €/kg
Product: Panda Ahaa suklaapatukka 18g, Unit Price: 0,45 €, Comparison Price: 25,00 €/kg
Product: Smash! salt karamell suklaapatukka 40g, Unit Price: 0,85 €, Comparison Price: 21,25 €/kg
Product: Fazer Susu Original suklaapatukka 40g, Unit Price: 0,99 €, Comparison Price: 24,75 €/kg
Product: Daim 3-pack strawberry suklaapatukka 84g (3x28g), Unit Price: 1,29 €, Comparison Price: 15,36 €/kg
Product: Marabou Japp, suklaapatukka 60g, Unit Price: 0,95 €, Comparison Price: 15,83 €/kg
Product: Kotimaista lettuhillo 410 g, Unit Price: 3,19 €, Comparison Price: 7,78 €/kg
Product: Rainbow nestemäinen tahranpoistoaine 250 ml, Unit Price: 1,59 €, Comparison Price: 6,36 €/l
Product: Trube Vaniljainen kuningatartäytepitko 350 g mustikka-vadelmatäytteinen pitko, Unit Price: 3,55 €, Comparison Price: 10,14 €/kg
Product: OLVI Vichy kivennäisvesi 0,95 l kmp, Unit Price: 1,79 €, Comparison Price: 1,67 €/l
Product: Rainbow grillausalusta 28x22 cm 6 kpl, Unit Price: 2,25 €, Comparison Price: 0,38 €/kpl
Product: Luminarc Cosmos kulho 20cm, Unit Price: 4,90 €, Comparison Price: 
Product: Eclat Ultime viinilasi 38cl 6kpl, Unit Price: 32,50 €, Comparison Price: 5,42 €/kpl
Product: RCR lahjasetti Combo, Unit Price: 30,90 €, Comparison Price: 10,30 €/kpl
Product: Ekströms Vanhan ajan vadelmahillo 410g, Unit Price: 3,95 €, Comparison Price: 9,63 €/kg
Product: Fazer Domino Super Original keksi 345g, Unit Price: 4,35 €, Comparison Price: 12,61 €/kg
Product: Abba kesäsilli 240/120g, Unit Price: 3,79 €, Comparison Price: 31,58 €/kg
Product: Tankoparsa vihreä 500g, Unit Price: 3,59 €, Comparison Price: 7,18 €/kg
Product: Munakoiso 225g, Unit Price: 1,19 €, Comparison Price: 5,29 €/kg
Product: Purjo, Unit Price: 0,42 €, Comparison Price: 2,79 €/kg
Product: Moomin Arabia Muumi Muumimamma muki 0,3 l marmeladi, Unit Price: 18,90 €, Comparison Price: 
Product: Coop maissintähkät 450 g, Unit Price: 1,89 €, Comparison Price: 4,20 €/kg
Product: Esik. Maissi 400g Luomu, Unit Price: 2,69 €, Comparison Price: 6,73 €/kg
Product: Varsiselleri 400 g, Unit Price: 1,19 €, Comparison Price: 2,97 €/kg
Product: Hetki Pinaatti 50g, Unit Price: 0,99 €, Comparison Price: 19,80 €/kg
Product: Tankoparsa vihreä 250g luomu, Unit Price: 2,59 €, Comparison Price: 10,36 €/kg
Product: Hetki Rucola 50g, Unit Price: 0,99 €, Comparison Price: 19,80 €/kg
Product: Tankoparsa valkoinen 250g, Unit Price: 2,88 €, Comparison Price: 11,52 €/kg
Product: Tankoparsa vihreä 250 g, Unit Price: 5,39 €, Comparison Price: 21,56 €/kg
Product: Lehtikaali 200g, Unit Price: 1,59 €, Comparison Price: 7,95 €/kg
Product: Lila tankoparsa 350g, Unit Price: 3,99 €, Comparison Price: 11,40 €/kg
Product: Fenkoli, Unit Price: 1,04 €, Comparison Price: 5,19 €/kg
Product: Varsiselleri 350 g luomu, Unit Price: 1,79 €, Comparison Price: 5,11 €/kg
Product: Munakoiso Suomi, Unit Price: 1,40 €, Comparison Price: 6,99 €/kg
Product: Vaanelan raparperi 500 g, Unit Price: 3,59 €, Comparison Price: 7,18 €/kg
Product: Hetki Salaattimix 50g, Unit Price: 0,99 €, Comparison Price: 19,80 €/kg
Product: Pak Choi 260g Espanja, Unit Price: 1,89 €, Comparison Price: 7,27 €/kg
Product: Tuorekset Mieto Tomaattisalsa 300g, Unit Price: 2,59 €, Comparison Price: 8,63 €/kg
Product: Tuorekset Classic Wok kasvissekoitus 300g, Unit Price: 2,99 €, Comparison Price: 9,97 €/kg
Product: Moomin Arabia Muumi muki ABC M 0,4l, Unit Price: 17,95 €, Comparison Price: 
Product: Kotimaista pakattu kiinankaali, Unit Price: 2,00 €, Comparison Price: 4,99 €/kg
Product: Haricot papu 150g, Unit Price: 2,29 €, Comparison Price: 15,27 €/kg
Product: Maissi tuore 400g, Unit Price: 4,39 €, Comparison Price: 10,97 €/kg
Product: Finlayson kartonkinen kahvikuppi korvalla 20x175ml Annukka, Unit Price: 2,55 €, Comparison Price: 0,13 €/kpl
Product: Sini vaihtopäät tiskiharjaan 2 kpl, Unit Price: 2,29 €, Comparison Price: 1,15 €/kpl
Product: essence make me BROW kulmageeli 3,8 ml, Unit Price: 3,09 €, Comparison Price: 772,50 €/l
Product: Cauvin 50cl viinirypälesiemenöljy, Unit Price: 7,49 €, Comparison Price: 14,98 €/l
Product: Nissin Demae Ramen japanilaistyylinen pikanuudelikeitto, mausteisen makuinen 100g, Unit Price: 0,50 €, Comparison Price: 5,00 €/kg
Product: Extra vahva rauta 100 mg 100 tabl, Rauta-C-vitamiinitabletti, Vitabalans, Unit Price: 9,95 €, Comparison Price: 0,10 €/kpl
Product: Taffel CrunCheez hot chili maustettu juustosnacks 225g, Unit Price: 3,19 €, Comparison Price: 14,18 €/kg
Product: God Morgon Classic Trooppinen täysmehu 1 L, Unit Price: 2,89 €, Comparison Price: 2,89 €/l
Product: Moomin Arabia Muumi kaadin Seikkailu Muutto 1l, Unit Price: 46,90 €, Comparison Price: 
Product: Cristal d'Arques viinilasi Longchamp 25 cl 6 kpl, Unit Price: 30,50 €, Comparison Price: 5,08 €/kpl
Product: St. Dalfour Mansikkahillo 284g, Unit Price: 3,99 €, Comparison Price: 14,05 €/kg
Product: MUA Make Up Academy Pro Base Full Coverage Matte Pressed Powder 6,5 g 110 kivipuuteri, Unit Price: 5,15 €, Comparison Price: 
Product: Rainbow pölypussi RB1000 4kpl + moottorisuodatin, Unit Price: 8,99 €, Comparison Price: 2,25 €/kpl
Product: Hau-Hau Champion Viljaton riistaa hyytelössä annosateria täysravinto 85 g, Unit Price: 0,69 €, Comparison Price: 8,12 €/kg
Product: Spen grillitikkuja 40cm 50kpl, Unit Price: 0,99 €, Comparison Price: 0,02 €/kpl
Product: Piltti 150g Iso välipala Omena-banaani-porkkana 1,5+v annospussi, Unit Price: 1,19 €, Comparison Price: 7,93 €/kg
Product: Rainbow WC-harjasetti, Unit Price: 3,19 €, Comparison Price: 
Product: Sini Wc-harja reunusharjalla, Unit Price: 8,79 €, Comparison Price: 
Product: Sini WC-harjan vaihtopää, Unit Price: 5,89 €, Comparison Price: 
Product: Xtra wc-harja, Unit Price: 2,75 €, Comparison Price: 
Product: Rainbow wc-harjasetti reunusharjalla, Unit Price: 3,69 €, Comparison Price: 
Product: Sini WC-harja nurkkamalli, Unit Price: 4,95 €, Comparison Price: 
Product: SINI Kylppäriharja, Unit Price: 11,95 €, Comparison Price: 
Product: Sini Eko wc-harja, Unit Price: 10,50 €, Comparison Price: 
Product: Sini Vaihtoharja nurkkamallin wc-harjaan, Unit Price: 3,49 €, Comparison Price: 
Product: Aino kuurausharja keinokuitu, Unit Price: 1,95 €, Comparison Price: 
Product: SINI Teräväkuivain 35cm, Unit Price: 15,95 €, Comparison Price: 
Product: Sini Nysväri, Unit Price: 6,79 €, Comparison Price: 
Product: Rainbow kuurausharja unionkuitu 37, Unit Price: 2,89 €, Comparison Price: 
Product: Sini Suihkukuivain, Unit Price: 9,95 €, Comparison Price: 
Product: Aino teräväkuivain 35 cm 80cm varrella, Unit Price: 11,95 €, Comparison Price: 
Product: Rainbow pesuharja muovinen, Unit Price: 3,25 €, Comparison Price: 
Product: Aino teräväkuivain 35 cm teleskooppivarrella, Unit Price: 14,95 €, Comparison Price: 
Product: Sini Pikakuivain, Unit Price: 19,95 €, Comparison Price: 
Product: Sini kaakeliharja, Unit Price: 9,49 €, Comparison Price: 
Product: Aino allasputkiharja, Unit Price: 3,19 €, Comparison Price: 
Product: SINI Lattiankuivain Nivelletty 40cm, Unit Price: 21,95 €, Comparison Price: 
Product: Sini jynssäri, Unit Price: 8,29 €, Comparison Price: 
Product: Aino solukumilasta nivelvarsi, Unit Price: 9,95 €, Comparison Price: 
Product: Sini kylpyhuonepesin 23cm, Unit Price: 20,90 €, Comparison Price: 
Product: Risella Täysjyväpikariisi 800g, Unit Price: 2,95 €, Comparison Price: 3,69 €/kg
Product: Risella Pikariisi 10 min 1kg, Unit Price: 2,75 €, Comparison Price: 2,75 €/kg
Product: Rainbow 1kg täysjyväpikariisi, Unit Price: 2,99 €, Comparison Price: 2,99 €/kg
Product: Riso Scotti valmis musta täysjyväriisi, Unit Price: 2,35 €, Comparison Price: 10,22 €/kg
Product: Discmania frisbeegolfkiekkosetti Active soft 3 disc set, Unit Price: 12,95 €, Comparison Price: 
Product: Discmania minikiekko, Unit Price: 2,99 €, Comparison Price: 
Product: Discraft Ultra Star Ultimatekiekko, Unit Price: 11,95 €, Comparison Price: 
Product: Progidy Disc 3 kiekon aloittelijapakkaus, Unit Price: 19,95 €, Comparison Price: 
Product: Progidy Disc putteri PA3 300, Unit Price: 12,95 €, Comparison Price: 
Product: Prodigy Disc Väylädraiveri  F9 400, Unit Price: 15,95 €, Comparison Price: 
Product: Discmania frisbeegolfkiekko Putter Active Shogun, Unit Price: 7,99 €, Comparison Price: 
Product: Innova DX 3 kiekon setti, Unit Price: 29,95 €, Comparison Price: 9,98 €/kpl
Product: Discmania draiveri Magician, Unit Price: 7,99 €, Comparison Price: 
Product: Clash Discs pituusdriveri Vanilla steady, Unit Price: 19,95 €, Comparison Price: 
Product: Discmania putteri Active Sensei, Unit Price: 7,99 €, Comparison Price: 
Product: Discmania kiekkosetti Evolution, Unit Price: 29,95 €, Comparison Price: 
Product: Prodigy Disc Pituusdraiveri  D4 Air Spectrum, Unit Price: 16,95 €, Comparison Price: 
Product: Innova pituusdraiveri Star Destroyer, Unit Price: 19,95 €, Comparison Price: 
Product: Innova Draiveri Halo Star Boss, Unit Price: 22,95 €, Comparison Price: 
Product: Discmania draiveri Mentor, Unit Price: 7,99 €, Comparison Price: 
Product: Discmania draiveri C-line FD, Unit Price: 20,95 €, Comparison Price: 
Product: Innova Draiveri Halo Star Firebird, Unit Price: 22,95 €, Comparison Price: 
Product: Prodigy Disc Putteri Pa-5 400, Unit Price: 15,95 €, Comparison Price: 
Product: Discmania putteri Originals D-line P1 Flex 2, Unit Price: 12,95 €, Comparison Price: 
Product: Progidy Disc lähestymiskiekko A2 400, Unit Price: 14,95 €, Comparison Price: 
Product: Innova Halo Star MAKO3 midari, Unit Price: 22,95 €, Comparison Price: 
Product: Prodigy Disc Pituusdraiveri  X3 AIR Spectrum, Unit Price: 16,95 €, Comparison Price: 
Product: Discmania draiveri Mentor, Unit Price: 7,99 €, Comparison Price: 
Product: Fynbo Delight mansikkahillo - vähemmän sokeria 260g, Unit Price: 2,79 €, Comparison Price: 10,73 €/kg
Product: Pekan Leipä Juustorinkeli 5kpl 250g, Unit Price: 3,19 €, Comparison Price: 12,76 €/kg
Product: Sinuhe Juustorinkeli 320g, Unit Price: 4,75 €, Comparison Price: 14,84 €/kg
Product: Salus Blutsaft Floravital rautaa ja vitamiineja täysmehu-yrttiuutoksessa 500ml, Unit Price: 12,45 €, Comparison Price: 24,90 €/l
Product: Valio Hedelmätarha® Tropiikki täysmehu 1 l hedelmälihaa, Unit Price: 2,55 €, Comparison Price: 2,55 €/l
Product: House muki Magnolia 0,44 l, Unit Price: 4,95 €, Comparison Price: 
Product: Valio 3 hedelmän mehu 1 l (rypäle, appelsiini, passiohedelmä), Unit Price: 2,49 €, Comparison Price: 2,49 €/l
Product: essence micro precise kulmakynä 0,05g, Unit Price: 2,49 €, Comparison Price: 2490,00 €/kg
Product: essence mattifying kivipuuteri 12g, Unit Price: 3,39 €, Comparison Price: 282,50 €/kg
Product: Spen Kakkualusta 22cm kulta ja hopea 2 kpl, Unit Price: 0,42 €, Comparison Price: 0,21 €/kpl
Product: Best-In Härkärisotto Koiran Tuoreruoka 500g, Unit Price: 2,39 €, Comparison Price: 4,78 €/kg
Product: Rainbow rustiikki kruunukynttilä valkoinen, Unit Price: 0,85 €, Comparison Price: 
Product: L'Oréal Paris Telescopic Maskara Black/Noir ultrapidentävä ripsiväri 8ml, Unit Price: 11,95 €, Comparison Price: 
Product: Elonen Omena-kanelipiirakka 250g, Unit Price: 3,59 €, Comparison Price: 14,36 €/kg
Product: Valio Hedelmätarha® hedelmä-mandariinitäysmehu 1 l hedelmälihaa, Unit Price: 2,59 €, Comparison Price: 2,59 €/l
Product: Astianharja puu/kuitu FSC, Unit Price: 1,95 €, Comparison Price: 
Product: Sana-sol Fe-Energy rauta mustaherukanmakuinen rauta-vitamiiniporetabletti 20kpl, Unit Price: 2,95 €, Comparison Price: 0,15 €/kpl
Product: Bonne Maman 370g Vadelmahillo, Unit Price: 6,19 €, Comparison Price: 16,73 €/kg
Product: Clipper Snore & Peace. Luomu yrttihauduke, sisältää kamomillaa, sitruunamelissaa ja laventelia 30g / 20 pussia, Unit Price: 3,59 €, Comparison Price: 119,67 €/kg
Product: Oululainen Pullava Pitkojen pitko 600g, vehnäpitko, Unit Price: 5,25 €, Comparison Price: 8,75 €/kg
Product: Spen grillitikkuja 30cm 100kpl, Unit Price: 0,98 €, Comparison Price: 0,01 €/kpl
Product: Maybelline New York Lasting Fix Loose Setting Powder All Day Matte Finish -irtopuuteri 6g, Unit Price: 12,55 €, Comparison Price: 
Product: Puhdistamo Tripla Rauta 60 kaps., Unit Price: 19,90 €, Comparison Price: 0,33 €/kpl
Product: essence kulmapuuterisetti 2,3g, Unit Price: 2,89 €, Comparison Price: 1445,00 €/kg
Product: Trube Mustikka-jogurttihillopitko 350 g mustikka-jogurttitäytteinen pullapitko, Unit Price: 3,39 €, Comparison Price: 9,69 €/kg
Product: Olivado Extra Virgin Avokadoöljy 250ml, Unit Price: 7,85 €, Comparison Price: 31,40 €/l
Product: essence lash & brow gel mascara muotoilugeeli 9 ml, Unit Price: 2,49 €, Comparison Price: 276,67 €/l
Product: Apetit Kotimainen Wok Vihannekset pakaste 450g, Unit Price: 1,35 €, Comparison Price: 3,00 €/kg
Product: Risella Kaura-riisiseos800g, Unit Price: 2,29 €, Comparison Price: 2,86 €/kg
Product: Myllyn Paras Irtonainen Riisi+Ohra 1 kg, Unit Price: 2,49 €, Comparison Price: 2,49 €/kg
Product: Risella villiriisiseos 500g, Unit Price: 2,79 €, Comparison Price: 5,58 €/kg
Product: Foodin Riisi Mix luomu 500g, Unit Price: 3,29 €, Comparison Price: 6,58 €/kg
Product: Risella Täysjyväriisi-ruisseos 800g, Unit Price: 2,55 €, Comparison Price: 3,19 €/kg
Product: Risella Täysjyväriisi-kvinoa seos 800g, Unit Price: 3,30 €, Comparison Price: 4,12 €/kg
Product: Risella Riisi-moniviljaseos 800g, Unit Price: 2,29 €, Comparison Price: 2,86 €/kg
Product: Risella Riisi-ohraseos 800g, Unit Price: 2,29 €, Comparison Price: 2,86 €/kg
Product: Myllyn Paras Irtonainen Kaura+Riisi 1 kg, Unit Price: 2,59 €, Comparison Price: 2,59 €/kg
Product: essence HEART CORE fruity lip balm 05 Bold Blackberry 3 g, Unit Price: 1,99 €, Comparison Price: 663,33 €/kg
Product: essence HEART CORE fruity huulivoide 3g, Unit Price: 1,99 €, Comparison Price: 663,33 €/kg
Product: essence HEART CORE fruity huulivoide 3g, Unit Price: 1,99 €, Comparison Price: 663,33 €/kg
Product: essence extreme shine volume huulikiilto 5 ml, Unit Price: 2,49 €, Comparison Price: 498,00 €/l
Product: Lumene Luminous Shine Kosteuttava & täyteläistävä huulikiilto 4 Peach Pink 5 ml, Unit Price: 10,50 €, Comparison Price: 210,00 €/l
Product: essence extreme shine volume huulikiilto 5 ml, Unit Price: 2,49 €, Comparison Price: 498,00 €/l
Product: essence JUICY BOMB shiny huulikiilto 10 ml, Unit Price: 1,59 €, Comparison Price: 159,00 €/l
Product: essence extreme shine volume huulikiilto 5ml, Unit Price: 2,49 €, Comparison Price: 498,00 €/l
Product: essence JUICY BOMB shiny huulikiilto 10 ml, Unit Price: 1,59 €, Comparison Price: 159,00 €/l
Product: essence what the fake! EXTREME PLUMPING LIP FILLER 02 Ice Ice Baby! 4.2 ml, Unit Price: 3,69 €, Comparison Price: 922,50 €/l
Product: essence JUICY BOMB shiny huulikiilto 10 ml, Unit Price: 1,59 €, Comparison Price: 159,00 €/l
Product: essence extreme shine volume huulikiilto 5ml, Unit Price: 2,49 €, Comparison Price: 498,00 €/l
Product: Lumene Luminous Shine Kosteuttava & täyteläistävä huulikiilto 5 Bright Rose 5 ml, Unit Price: 10,50 €, Comparison Price: 210,00 €/l
Product: Lumene Luminous Shine Kosteuttava & täyteläistävä huulikiilto 6 Soft Pink 5 ml, Unit Price: 10,50 €, Comparison Price: 210,00 €/l
Product: Makeup Revolution Shimmer Bomb Glimmer huulikiilto 4,5ml, Unit Price: 7,95 €, Comparison Price: 1590,00 €/l
Product: essence HEART CORE fruity lip balm 05 Bold Blackberry 3 g, Unit Price: 1,99 €, Comparison Price: 663,33 €/kg
Product: essence extreme shine volume huulikiilto 5ml, Unit Price: 2,49 €, Comparison Price: 498,00 €/l
Product: essence what the fake! PLUMPING LIP FILLER huulikiilto 4,2 ml, Unit Price: 3,69 €, Comparison Price: 
Product: Maybelline New York Lifter Plump 005 Peach Fever huulikiilto 5,4ml, Unit Price: 13,90 €, Comparison Price: 2780,00 €/l
Product: essence ELECTRIC GLOW COLOUR CHANGING LIP & CHEEK OIL väriä vaihtava huuli- ja poskiöljy 4,4 ml, Unit Price: 4,09 €, Comparison Price: 1022,50 €/l
Product: Maybelline New York Lifter Gloss 005 Petal huulikiilto 5,4ml, Unit Price: 9,90 €, Comparison Price: 
Product: Maybelline New York Lifter Gloss 21 Gummy Bear huulikiilto 5,4 ml, Unit Price: 9,90 €, Comparison Price: 1980,00 €/l
Product: Maybelline New York Lifter Plump 001 Blush Blaze huulikiilto 5,4ml, Unit Price: 13,90 €, Comparison Price: 2780,00 €/l
Product: Maybelline New York Lifter Plump 004 Red Flag  huulikiilto 5,4ml, Unit Price: 13,90 €, Comparison Price: 2780,00 €/l
Product: Dronningholm Puolukkahillo 1kg, Unit Price: 5,99 €, Comparison Price: 5,99 €/kg
Product: Meira Leivinjauhe 100g, Unit Price: 1,15 €, Comparison Price: 11,50 €/kg
Product: Rainbow 10x11g kuivahiiva, Unit Price: 2,25 €, Comparison Price: 20,45 €/kg
Product: Sunnuntai 4x11g kuivahiiva, Unit Price: 1,39 €, Comparison Price: 31,59 €/kg
Product: Meira Vaniljasokeri 85g, Unit Price: 2,39 €, Comparison Price: 28,12 €/kg
Product: Golden Star 850g Ruokasooda, Unit Price: 2,99 €, Comparison Price: 3,52 €/kg
Product: Sunnuntai 10x11g kuivahiiva, Unit Price: 2,65 €, Comparison Price: 24,09 €/kg
Product: Rainbow ruokasooda 140g, Unit Price: 0,63 €, Comparison Price: 4,50 €/kg
Product: Rainbow liivatelehti 20 g, Unit Price: 1,05 €, Comparison Price: 52,50 €/kg
Product: Xtra leivinjauhe 225 g, Unit Price: 1,28 €, Comparison Price: 5,69 €/kg
Product: Meira Ruokasooda 125g, Unit Price: 0,89 €, Comparison Price: 7,12 €/kg
Product: Törsleffs makeutettu maitotiiviste 397g, Unit Price: 2,55 €, Comparison Price: 6,42 €/kg
Product: Meira Leivinjauhe 50g, Unit Price: 0,69 €, Comparison Price: 13,80 €/kg
Product: Kotileipojan kuivahiiva 2x12g, Unit Price: 0,85 €, Comparison Price: 35,42 €/kg
Product: Meira Liivatelehti 20g, Unit Price: 1,35 €, Comparison Price: 67,50 €/kg
Product: Törsleffs karamellisoitu sokeroitu maitotiiviste 397g, Unit Price: 2,55 €, Comparison Price: 6,42 €/kg
Product: Meira Agar Agar hyytelöimisjauhe 60g, Unit Price: 5,79 €, Comparison Price: 96,50 €/kg
Product: Meira Ruokasooda 50g, Unit Price: 0,39 €, Comparison Price: 7,80 €/kg
Product: Golden Star 100g Vaniljasokeri, Unit Price: 1,59 €, Comparison Price: 15,90 €/kg
Product: Dr. Oetker 160 g Leivinjauhe, Unit Price: 1,35 €, Comparison Price: 8,44 €/kg
Product: Golden Star Leivinjauhe 700g, Unit Price: 4,99 €, Comparison Price: 7,13 €/kg
Product: Dansukker Vaniljasokeri 140g, Unit Price: 2,05 €, Comparison Price: 14,64 €/kg
Product: Dr. Oetker Kuivattu hapanjuuri ja hiiva 30g, Unit Price: 1,09 €, Comparison Price: 36,33 €/kg
Product: Meira Vaniljasokeri 40g, Unit Price: 1,39 €, Comparison Price: 34,75 €/kg
Product: Dovgan Kondensoitu maito, makeutettu 480 g/ 370 ml, Unit Price: 3,75 €, Comparison Price: 10,14 €/l
Product: Piltti 150g Smoothie Jogurtti-mango-banaani-kaura 1,5v+ annospussi, Unit Price: 1,39 €, Comparison Price: 9,27 €/kg
Product: Ferroforte B + C vahva nestemäinen rauta-vitamiinivalmiste 500 ml, Unit Price: 11,95 €, Comparison Price: 23,90 €/l
Product: Mutti Pelati kokonaiset kuoritut tomaatit 400g, Unit Price: 1,45 €, Comparison Price: 5,58 €/kg
Product: Mutti kirsikkatomaatit 400g, Unit Price: 1,45 €, Comparison Price: 6,04 €/kg
Product: Mutti San Marzano kokonaiset kuoritut tomaatit 400g, Unit Price: 2,65 €, Comparison Price: 10,19 €/kg
Product: Coop kuoritut kokonaiset tomaatit 400 g, Unit Price: 0,79 €, Comparison Price: 1,98 €/kg
Product: Coop kokonaiset kirsikkatomaatit 400 g, Unit Price: 1,15 €, Comparison Price: 2,87 €/kg
Product: Royal 330/200g aurinkokuivattu tomaattisuikale öljyssä, Unit Price: 3,79 €, Comparison Price: 18,95 €/kg
Product: Rainbow kuoritut tomaatit tomaattimehussa luomu 400/240g, Unit Price: 1,25 €, Comparison Price: 3,13 €/kg
Product: VegOnTable 200g Aurinkokuivattu tomaatti suikale, Unit Price: 2,49 €, Comparison Price: 24,90 €/kg
Product: Royal 330/200g aurinkokuivattu tomaattikuutio öljyssä, Unit Price: 3,95 €, Comparison Price: 19,75 €/kg
Product: Royal 330/200g aurinkokuivattu tomaattikuutio basilikaöljyssä, Unit Price: 3,79 €, Comparison Price: 18,95 €/kg
Product: Fontana Aurinkokuivattu tomaatti 180g Hienonnettu, Unit Price: 2,99 €, Comparison Price: 16,61 €/kg
Product: Rainbow aurinkokuivattu tomaatti öljyssä luomu 190/95 g, Unit Price: 2,39 €, Comparison Price: 25,16 €/kg
Product: Inpa Aurinkokuivattu Tomaatti 280g, Unit Price: 2,95 €, Comparison Price: 21,07 €/kg
Product: Royal aurinkokuivattu tomaattisuikale basilika-mausteliemessä 360/200g, Unit Price: 3,05 €, Comparison Price: 15,25 €/kg
Product: Da Vinci 180/90g puolikuivattu tomaatti öljyssä, Unit Price: 2,19 €, Comparison Price: 24,33 €/kg
Product: Carrefour Classic kirsikkatomaatit 240 g, Unit Price: 1,65 €, Comparison Price: 6,88 €/kg
Product: Herkku aurinkokuivatut tomaatit oliiviöljyssä 280 g, Unit Price: 4,75 €, Comparison Price: 33,93 €/kg
Product: Carrefour Original neljän marjan hillo 370 g, Unit Price: 2,07 €, Comparison Price: 5,59 €/kg
Product: Rainbow aurinkokuivatut tomaatit kuutioina öljyssä 285/145 g, Unit Price: 2,35 €, Comparison Price: 16,21 €/kg
Product: Rainbow aurinkokuivatut tomaatit puolikkaina öljyssä 285/145 g, Unit Price: 2,15 €, Comparison Price: 14,83 €/kg
Product: Coop puolikuivatut kirsikkatomaatit öljyssä 200 g, Unit Price: 2,15 €, Comparison Price: 10,75 €/kg
Product: Änglamark kuoritut tomaatit luomu 400 g, Unit Price: 1,25 €, Comparison Price: 5,21 €/kg
Product: Finlayson Mittava lautanen 20cm, Unit Price: 3,00 €, Comparison Price: 
Product: Nitor Tekstiiliväri All in one  230g mariini, Unit Price: 5,95 €, Comparison Price: 25,87 €/kg
Product: Electrolux pölynimurin raikastinrakeet, sitrus, Unit Price: 6,50 €, Comparison Price: 
Product: Xtra mariekeksi 200 g, Unit Price: 0,45 €, Comparison Price: 2,25 €/kg
Product: Vanajan Suklaasade suklaahippukeksi 350g, Unit Price: 2,19 €, Comparison Price: 6,26 €/kg
Product: LU Bastogne keksi 200g, Unit Price: 2,35 €, Comparison Price: 11,75 €/kg
Product: Fazer Jyväshyvä Suklaapisara kaurakeksi 350g, Unit Price: 3,09 €, Comparison Price: 8,83 €/kg
Product: Lotus Biscoff karamellisoitu keksi 250g, Unit Price: 1,89 €, Comparison Price: 7,56 €/kg
Product: Kantolan Kulta Marie keksi 200g, Unit Price: 1,59 €, Comparison Price: 7,95 €/kg
Product: Kantolan Kulta Muro keksi 225g, Unit Price: 1,95 €, Comparison Price: 8,67 €/kg
Product: Rainbow maitosuklaa-kaurakeksi 300g, Unit Price: 1,59 €, Comparison Price: 5,30 €/kg
Product: Cafe au Lu Bastogne Duo keksi 260g, Unit Price: 2,69 €, Comparison Price: 10,35 €/kg
Product: Fazer Suklaalehti suklaakeksi 185g, Unit Price: 4,09 €, Comparison Price: 22,11 €/kg
Product: Muumi 200g suklaakeksit, Unit Price: 4,29 €, Comparison Price: 21,45 €/kg
Product: Filipinos 128g Maitosuklaakeksi, Unit Price: 1,85 €, Comparison Price: 14,45 €/kg
Product: Vanajan Suklaakaurakeksi 300 g, Unit Price: 2,59 €, Comparison Price: 8,63 €/kg
Product: Oreo Original täytekeksi 3X154g=462g, Unit Price: 5,05 €, Comparison Price: 10,93 €/kg
Product: Kantolan Kaurakeksi suklaakeksi 200g, Unit Price: 2,35 €, Comparison Price: 11,75 €/kg
Product: Vanajan Jyväsade Moniviljakeksi Original 300 g, Unit Price: 1,99 €, Comparison Price: 6,63 €/kg
Product: Jules Destrooper 100g Butter Crisps voikeksi, Unit Price: 3,65 €, Comparison Price: 36,50 €/kg
Product: Jules Destrooper 100g Almond Thins Mantelikeksi, Unit Price: 3,65 €, Comparison Price: 36,50 €/kg
Product: Jules Destrooper 125g Mantelikeksi tumma suklaa ja appelsiini, Unit Price: 3,29 €, Comparison Price: 26,32 €/kg
Product: Fossier Pinkki Mansikkakeksi 110g, Unit Price: 4,09 €, Comparison Price: 37,18 €/kg
Product: Fossier Pinkki keksi suolainen karamelli 110g, Unit Price: 4,09 €, Comparison Price: 37,18 €/kg
Product: Gullón Maria 380g Gluteeniton, Unit Price: 2,79 €, Comparison Price: 7,34 €/kg
Product: GastroMax lautanen 23 cm bio-muovi, Unit Price: 4,50 €, Comparison Price: 
Product: Hau-Hau Champion Makkara-ateria kanaa 500 g, Unit Price: 2,15 €, Comparison Price: 4,30 €/kg
Product: Fynbo Gourmet vadelmahillo 215g, Unit Price: 2,39 €, Comparison Price: 11,12 €/kg
Product: Iittala Teema lautanen 15cm valkoinen, Unit Price: 10,90 €, Comparison Price: 
Product: essence mattifying compact kivipuuteri 12g, Unit Price: 3,39 €, Comparison Price: 282,50 €/kg
Product: Coop paahdettu seesamiöljy 250 ml, Unit Price: 4,29 €, Comparison Price: 
Product: Oululainen Pullava Rusinapitko 360g, Unit Price: 3,25 €, Comparison Price: 9,03 €/kg
Product: Iittala Teema lautanen 21 cm hunaja, Unit Price: 14,90 €, Comparison Price: 
Product: Fazer Käpykakku 710g, täytekakku, Unit Price: 24,90 €, Comparison Price: 35,07 €/kg
Product: Harissa majoneesi 50 g, Unit Price: 0,80 €, Comparison Price: 16,00 €/kg
Product: Elovena 6x30g valkosuklaa-mansikka pehmeä kaurapatukka, Unit Price: 2,99 €, Comparison Price: 16,61 €/kg
Product: Lumene Stay Luminous Matte Puuteri 0 10g, Unit Price: 16,90 €, Comparison Price: 1690,00 €/kg
Product: Martinex Muumi Ystävät syvä lautanen, Unit Price: 10,90 €, Comparison Price: 
Product: Arabia lautanen Pastoraali 19cm, Unit Price: 17,50 €, Comparison Price: 
Product: Lokerolautanen Moominvalley, Unit Price: 9,90 €, Comparison Price: 
Product: Fazer Sokerileipurin Pitko 435g, pullapitko, Unit Price: 4,99 €, Comparison Price: 11,47 €/kg
Product: Crave Kosteaa koiranruokaa aikuisille koirille, Mureke sis. Lammasta & Härkää 150g, Unit Price: 1,85 €, Comparison Price: 12,33 €/kg
Product: Xtra 126g myslipatukka suklaa 6 kpl, Unit Price: 0,95 €, Comparison Price: 7,54 €/kg
Product: Fazer Artesaanipitko 360g, pullapitko, Unit Price: 3,98 €, Comparison Price: 11,06 €/kg
Product: Herkku Sitruunamarinoitua savulohta & perunaa n. 2,5 kg, Unit Price: 27,90 €, Comparison Price: 
Product: Lumene CC Color Correcting Puuteri 1 10g, Unit Price: 19,80 €, Comparison Price: 1980,00 €/kg
Product: Best Friend Flipper Elektroninen, USB-ladattava kissan lelu, Unit Price: 13,99 €, Comparison Price: 
Product: Premium ikkuna- ja kiillotusliina, Unit Price: 2,49 €, Comparison Price: 
Product: MUA Make Up Academy Bronzed Matte Bronzing Powder 13 g Solar 100 aurinkopuuteri, Unit Price: 5,15 €, Comparison Price: 
Product: Arabia Pastoraali muki 0,5L, Unit Price: 21,50 €, Comparison Price: 
Product: Carr´s 125 g Table Water Bite Size juustokeksi, Unit Price: 1,85 €, Comparison Price: 14,80 €/kg
Product: Lumene Blur Meikkipuuteri SK15 0 10g, Unit Price: 19,80 €, Comparison Price: 1980,00 €/kg
Product: Rainbow pölypussi RB1300 4kpl + moottorisuodatin, Unit Price: 8,99 €, Comparison Price: 2,25 €/kpl
Product: Hommanäs 320g puolukkahillo 80%, Unit Price: 5,68 €, Comparison Price: 17,75 €/kg
Product: Frozen lautanen Elements, Unit Price: 3,90 €, Comparison Price: 
Product: Luminarc sitruspuristin, Unit Price: 3,50 €, Comparison Price: 
Product: Oululainen Pullava Mansikka-Vaniljapitko 400g, Unit Price: 2,49 €, Comparison Price: 6,23 €/kg
Product: Dr Beckmann 250 ml Tahranpoistoneste, Unit Price: 3,69 €, Comparison Price: 14,76 €/l
Product: essence micro precise kulmakynä 0,05g, Unit Price: 2,49 €, Comparison Price: 2490,00 €/kg
Product: Nitor Tekstiiliväri All in one 350g mariini, Unit Price: 7,25 €, Comparison Price: 20,71 €/kg
Product: Coop kynsilakanpoistoaine 175 ml, Unit Price: 2,10 €, Comparison Price: 
Product: Meritalo Suomalainen Omenahillo 400g, Unit Price: 2,69 €, Comparison Price: 6,73 €/kg
Product: Rainbow mustaherukkahillo 400 g, Unit Price: 2,69 €, Comparison Price: 6,73 €/kg
Product: St. Dalfour Viikunahillo 284g, Unit Price: 3,99 €, Comparison Price: 14,05 €/kg
Product: Meritalo Suomalainen Mustaherukkahillo 410g, Unit Price: 3,09 €, Comparison Price: 7,54 €/kg
Product: St. Dalfour Hillolajitelma viikuna, vadelma-granaattiomena, aprikoosi, 4-marjaa 4 x 28g, Unit Price: 4,49 €, Comparison Price: 40,09 €/kg
Product: Coop aprikoosihillo 370 g, Unit Price: 1,45 €, Comparison Price: 3,92 €/kg
Product: Meritalo Suomalainen Mustikkahillo 410g, Unit Price: 3,59 €, Comparison Price: 8,76 €/kg
Product: Bonne Maman 370g Viikunahillo, Unit Price: 3,99 €, Comparison Price: 10,78 €/kg
Product: Herkkumaa Omenahillo 460g, Unit Price: 2,75 €, Comparison Price: 5,98 €/kg
Product: St. Dalfour Aprikoosihillo 284g, Unit Price: 3,99 €, Comparison Price: 14,05 €/kg
Product: Lucien Georgelin 150g Viikunahilloke, Unit Price: 3,25 €, Comparison Price: 21,67 €/kg
Product: Fynbo Gourmet mustaherukkahillo 215g, Unit Price: 2,39 €, Comparison Price: 11,12 €/kg
Product: Saarioinen Omenahillo 500g, Unit Price: 3,25 €, Comparison Price: 6,50 €/kg
Product: Bonne Maman 370g Aprikoosihillo, Unit Price: 4,79 €, Comparison Price: 12,95 €/kg
Product: St. Dalfour Kirsikkahillo 284g, Unit Price: 3,99 €, Comparison Price: 14,05 €/kg
Product: Dronningholm Kirsikkahillo 340g, Unit Price: 3,59 €, Comparison Price: 10,56 €/kg
Product: St. Dalfour Mango-passionhedelmähillo 284g, Unit Price: 3,99 €, Comparison Price: 14,05 €/kg
Product: St. Dalfour Appelsiinihillo 284g, Unit Price: 3,99 €, Comparison Price: 14,05 €/kg
Product: St. Dalfour Päärynähillo 284g, Unit Price: 3,99 €, Comparison Price: 14,05 €/kg
Product: Meritalo Suomalainen Raparperihillo 410g, Unit Price: 3,05 €, Comparison Price: 7,44 €/kg
Product: Bonne Maman 370g Kirsikkahillo, Unit Price: 4,79 €, Comparison Price: 12,95 €/kg
Product: Bonne Maman 5x50g Hillolahjapakkaus, Unit Price: 6,29 €, Comparison Price: 25,16 €/kg
Product: Fynbo inkiväärihillo 385g, Unit Price: 2,49 €, Comparison Price: 6,47 €/kg
Product: Fynbo Gourmet aprikoosihillo 215g, Unit Price: 2,39 €, Comparison Price: 11,12 €/kg
Product: Nitor Tekstiiliväri All in one 350g musta, Unit Price: 7,25 €, Comparison Price: 20,71 €/kg
Product: Pizzataikina, Unit Price: 3,30 €, Comparison Price: 11,00 €/kg
Product: Pizzakit, Unit Price: 7,90 €, Comparison Price: 
Product: Fresh SalaattiMestari Kana-gyros flatbread wrap 10 x n.165g GN1/2, Unit Price: 2,49 €, Comparison Price: 15,09 €/kg
Product: Kana Enchilada 140g, Unit Price: 3,49 €, Comparison Price: 26,85 €/kg
Product: Liha Enchilada 140g, Unit Price: 3,49 €, Comparison Price: 26,85 €/kg
Product: Kasvis Enchilada 140g, Unit Price: 3,29 €, Comparison Price: 25,31 €/kg
Product: Lotus Biscoff Täytekeksi Vanilla flavour 150g, Unit Price: 1,45 €, Comparison Price: 9,67 €/kg
Product: Moomin Arabia Finland Muumi juomalasi 22cl Iltauinti, Unit Price: 13,50 €, Comparison Price: 
Product: Biozell Color Tech Sävyttävä shampoo 200ml Silver, Unit Price: 10,89 €, Comparison Price: 54,45 €/l
Product: Joanna Multi color cream hiusväri 42 Ebony black permanent, Unit Price: 3,15 €, Comparison Price: 
Product: Garnier Nutrisse Ultra Creme 5.0 Medium Brown Ruskea kestoväri 1kpl, Unit Price: 8,99 €, Comparison Price: 
Product: Multi blond vaalennusaine, Unit Price: 3,15 €, Comparison Price: 
Product: Joanna Multi color cream hiusväri 41 Chocolate brown permanent, Unit Price: 3,15 €, Comparison Price: 
Product: L'Oréal Paris Magic Retouch Dark Brown Suihkutettava tyvisävyte 75ml, Unit Price: 8,39 €, Comparison Price: 111,87 €/l
Product: Garnier Nutrisse Ultra Creme 3.0 Deep Dark Brown Syvä Tummanruskea kestoväri 1kpl, Unit Price: 8,99 €, Comparison Price: 
Product: L'Oréal Paris Preference Le Blonding Ultra Platinum 9 asteen ultravoimakas vaalennus 1kpl, Unit Price: 12,99 €, Comparison Price: 
Product: Multi Cream Color Natural Blond 33, Unit Price: 3,15 €, Comparison Price: 
Product: Garnier Color Sensation 1.0 Ultra Onyx Black Musta intensiivinen kestoväri 1kpl, Unit Price: 5,75 €, Comparison Price: 
Product: L'Oréal Paris Magic Retouch Brown Suihkutettava tyvisävyte 75ml, Unit Price: 8,39 €, Comparison Price: 111,87 €/l
Product: essence micro precise kulmakynä 0,05g, Unit Price: 2,49 €, Comparison Price: 2490,00 €/kg
Product: Garnier Nutrisse Ultra Creme 10.01 Extra Light Pearly Blonde Kirkas Helmiäisvaalea kestoväri 1kpl, Unit Price: 8,99 €, Comparison Price: 
Product: Joanna Multi Cream Color Red Cherry 35, Unit Price: 3,15 €, Comparison Price: 
Product: Garnier Nutrisee Ultra Bleach L+++ Bleach Maximum Lightener vahva vaalennus 1kpl, Unit Price: 8,99 €, Comparison Price: 
Product: Biozell Professional Color Mask Hoitava sävyte Soft Ice 150ml, Unit Price: 8,79 €, Comparison Price: 58,60 €/l
Product: Joanna Power men hiusväri 01 musta permanent, Unit Price: 3,39 €, Comparison Price: 
Product: L'Oréal Paris Magic Retouch Dark Blonde Suihkutettava tyvisävyte 75ml, Unit Price: 8,39 €, Comparison Price: 111,87 €/l
Product: L'Oréal Paris Casting Crème Gloss 400 Brown Keskiruskea kevytväri 1kpl, Unit Price: 9,79 €, Comparison Price: 
Product: Garnier Nutrisse Ultra Créme 6.41 Dark Copper Blonde Tumma Kuparinvaalea kestoväri 1kpl, Unit Price: 8,99 €, Comparison Price: 
Product: Biozell Professional Color Mask Hoitava sävyte Mandarin 150ml, Unit Price: 8,79 €, Comparison Price: 58,60 €/l
Product: MULTI BLOND PLATINUM  up to 9 tones, Unit Price: 3,15 €, Comparison Price: 
Product: Garnier Nutrisse Ultra Color 7.4 Intensiivinen kupari kestoväri 1kpl, Unit Price: 8,99 €, Comparison Price: 
Product: Joanna Multi color cream hiusväri 39 Nut brown permanent, Unit Price: 3,15 €, Comparison Price: 
Product: Multi Blond super raita-aine, Unit Price: 3,15 €, Comparison Price: 
Product: Nitor Tekstiiliväri All in one 230g violetti, Unit Price: 5,95 €, Comparison Price: 25,87 €/kg
Product: Sanytol 450g Desinfiointiaine Tahranpoistaja, Unit Price: 5,89 €, Comparison Price: 13,09 €/kg
Product: Rotho sitruspuristin Onda 0,3 l, Unit Price: 4,50 €, Comparison Price: 
Product: essence liquid ink eyeliner waterproof vedenkestävä nestemäinen rajausväri 3 ml, Unit Price: 2,99 €, Comparison Price: 996,67 €/l
Product: Fairy 500ml Original astianpesuaine, Unit Price: 3,19 €, Comparison Price: 6,38 €/l
Product: Fairy 450ml Clean&Fresh Citrus astianpesuaine, Unit Price: 2,69 €, Comparison Price: 5,98 €/l
Product: Rainbow Sensitive astianpesuaine 500 ml, Unit Price: 1,59 €, Comparison Price: 3,18 €/l
Product: Fairy Max Power Original 450ml astianpesuaine, Unit Price: 3,75 €, Comparison Price: 8,33 €/l
Product: Xtra astianpesuaine 1 l, Unit Price: 1,49 €, Comparison Price: 1,49 €/l
Product: Fairy 1.25L Original astianpesuaine, Unit Price: 6,55 €, Comparison Price: 5,24 €/l
Product: Rainbow Lemon astianpesuaine 500 ml, Unit Price: 1,69 €, Comparison Price: 3,38 €/l
Product: Fairy Max Power Sitruuna 450ml astianpesuaine, Unit Price: 3,75 €, Comparison Price: 8,33 €/l
Product: Fairy platinum astianpesuaine 350 ml, Unit Price: 2,79 €, Comparison Price: 7,97 €/l
Product: Rainbow Aloe Vera astianpesuaine 500 ml, Unit Price: 1,69 €, Comparison Price: 3,38 €/l
Product: Fairy 900ml Original astianpesuaine, Unit Price: 4,99 €, Comparison Price: 5,54 €/l
Product: Fairy 500ml Platinum Original astianpesuaine, Unit Price: 3,79 €, Comparison Price: 7,58 €/l
Product: Fairy Max Power Granaattiomena 450ml astianpesuaine, Unit Price: 3,75 €, Comparison Price: 8,33 €/l
Product: LV 500ml astianpesuaine, Unit Price: 2,75 €, Comparison Price: 5,50 €/l
Product: Ecover Astianpesuneste Sitruuna & Aloe vera 450ml, Unit Price: 2,79 €, Comparison Price: 6,20 €/l
Product: Mayeri 500ml astianpesuaine Cranberry, Unit Price: 1,29 €, Comparison Price: 2,58 €/l
Product: Lumme Omenankukka käsitiskiaine 500ml, Unit Price: 2,65 €, Comparison Price: 5,30 €/l
Product: Ecover Astianpesuneste Greippi & Vihreä tee 450ml, Unit Price: 2,79 €, Comparison Price: 6,20 €/l
Product: Eco Clean käsitiskiaine 500 ml lime, Unit Price: 2,59 €, Comparison Price: 5,18 €/l
Product: Eco Clean 500ml Sitruunamelissa Ast.pesu, Unit Price: 2,59 €, Comparison Price: 5,18 €/l
Product: Heti 500ml Käsitiski, Unit Price: 2,65 €, Comparison Price: 5,30 €/l
Product: Kiilto suihkutettava käsitiskiaine Omena 475 ml, Unit Price: 3,09 €, Comparison Price: 6,51 €/l
Product: Kiilto suihkutettava käsitiskiaine Sitruuna 475 ml, Unit Price: 3,09 €, Comparison Price: 6,51 €/l
Product: Heti 500ml Käsitiski spray bergamotti minttu, Unit Price: 2,99 €, Comparison Price: 5,98 €/l
Product: Kotimaista 2dl laktoositon ESL 35% kuohukerma, Unit Price: 1,15 €, Comparison Price: 5,75 €/l
Product: Kotimaista 2dl ESL 35% kuohukerma, Unit Price: 1,15 €, Comparison Price: 5,75 €/l
Product: Valio Keittiön kuohukerma 3,3 dl laktoositon, Unit Price: 2,89 €, Comparison Price: 8,76 €/l
Product: Maitokolmio kuohukerma 5dl, Unit Price: 3,15 €, Comparison Price: 6,30 €/l
Product: Arla Lempi Kuohukerma luomu 2 dl, Unit Price: 1,45 €, Comparison Price: 7,25 €/l
Product: Arla Kuohukerma 2 dl Suomi, Unit Price: 1,59 €, Comparison Price: 7,95 €/l
Product: Arla Kuohukerma 5 dl Suomi, Unit Price: 3,29 €, Comparison Price: 6,58 €/l
Product: Valio Luomu™ kuohukerma 2 dl laktoositon, Unit Price: 1,49 €, Comparison Price: 7,45 €/l
Product: Valio kahvikerma 10 % 3,3 dl laktoositon, Unit Price: 2,29 €, Comparison Price: 6,94 €/l
Product: Valio kahvikerma 2 dl laktoositon, Unit Price: 1,09 €, Comparison Price: 5,45 €/l
Product: L'Oréal Paris Elvital Hyaluron Plump hoitoaine kosteutta kaipaaville hiuksille 300ml, Unit Price: 3,99 €, Comparison Price: 13,30 €/l
Product: L'Oréal Paris Elvital Hyaluron Plump hoitoaine kosteutta kaipaaville hiuksille 200ml, Unit Price: 3,15 €, Comparison Price: 15,75 €/l
Product: L'Oréal Paris Elvital Anti-Breakage hoitoaine kuiville ja katkeileville hiuksille 200ml, Unit Price: 3,15 €, Comparison Price: 15,75 €/l
Product: XZ Muumi 150ml Selvityssuihke, Unit Price: 4,39 €, Comparison Price: 29,27 €/l
Product: XZ 200ml Kauraöljy hoitoaine, Unit Price: 2,89 €, Comparison Price: 14,45 €/l
Product: L'Oréal Paris Elvital Dream Length HairDetangler hoitoaine pitkille, vaurioituneille hiuksille 200ml, Unit Price: 3,15 €, Comparison Price: 15,75 €/l
Product: Erittäin Hieno Suomalainen Mustikkahoitoaine 300ml, Unit Price: 1,79 €, Comparison Price: 5,97 €/l
Product: XZ 200ml Mustikka hoitoaine, Unit Price: 2,89 €, Comparison Price: 14,45 €/l
Product: L'Oréal Paris Elvital Color-Vive Hoitoaine värjätyille ja raidoitetuille hiuksille 300ml, Unit Price: 3,99 €, Comparison Price: 13,30 €/l
Product: Erittäin Hieno Suomalainen Hiushoito 300ml, Unit Price: 1,79 €, Comparison Price: 5,97 €/l
Product: Aussie Deep Hydration 200ml hoitoaine, Unit Price: 5,79 €, Comparison Price: 28,95 €/l
Product: Garnier Fructis Strength & Shine hoitoaine normaaleille hiuksille 200ml, Unit Price: 2,89 €, Comparison Price: 14,45 €/l
Product: L'Oréal Paris Elvital Color-Vive Hoitoaine värjätyille ja raidoitetuille hiuksille 200ml, Unit Price: 3,15 €, Comparison Price: 15,75 €/l
Product: L'Oréal Paris Elvital Hyaluron Pure hoitoaine kosteutta kaipaaville hiuksille 200ml, Unit Price: 3,15 €, Comparison Price: 15,75 €/l
Product: Define Moroccan Argan Oil conditioner arganöljyä sisältävä hoitoaine kuiville/normaaleille hiuksille 200ml, Unit Price: 3,49 €, Comparison Price: 17,45 €/l
Product: LV 200ml hiusten hoitoaine, Unit Price: 3,19 €, Comparison Price: 15,95 €/l
Product: XZ 200ml Aito Omena Hoitoaine hiuksille, Unit Price: 2,89 €, Comparison Price: 14,45 €/l
Product: Aussie hoitoaine Miracle Moist Conditioner 200ml, Unit Price: 5,79 €, Comparison Price: 28,95 €/l
Product: Aussie 90ml Miracle Moist hoitoaine, Unit Price: 2,69 €, Comparison Price: 29,89 €/l
Product: Schwarzkopf Gliss Total Repair hoitosuihke 200ml, Unit Price: 2,99 €, Comparison Price: 14,95 €/l
Product: XZ 200ml Aito hoitoaine normaaleille hiuksille, Unit Price: 2,89 €, Comparison Price: 14,45 €/l
Product: XZ 200ml Niittyvilla kosteuttava hoitoaine, Unit Price: 2,89 €, Comparison Price: 14,45 €/l
Product: Erittäin Hieno Suomalainen Hellä hoitoaine 300ml, Unit Price: 1,79 €, Comparison Price: 5,97 €/l
Product: TRESemmé  Rich Moisture Hoitoaine  Ammattimaista laatua   400 ML, Unit Price: 3,99 €, Comparison Price: 9,98 €/l
Product: Iittala Aino Aalto juomalasi 33cl ultramariininsininen 2kpl, Unit Price: 19,90 €, Comparison Price: 9,95 €/kpl
Product: KAHVISUODATIN, Unit Price: 3,50 €, Comparison Price: 
Product: Rainbow 135/104g tonnikalaa paloina oliiviöljyssä MSC Skipjack, Unit Price: 1,69 €, Comparison Price: 16,25 €/kg
Product: Serto Hajusteeton Tahrasooda 750g, Unit Price: 6,59 €, Comparison Price: 8,79 €/kg
Product: Rosten Mini Calzone Mozzarella-Pesto, piirakka 7x45g, Unit Price: 3,59 €, Comparison Price: 11,40 €/kg
Product: Serto Tunturipuro Pyykkietikka 475ml, Unit Price: 5,69 €, Comparison Price: 11,98 €/l
Product: Moomin Arabia Muumi Hemuli muki 0,3l keltainen, Unit Price: 18,90 €, Comparison Price: 
Product: Herkkumaa Lettuhillo 460g, Unit Price: 2,25 €, Comparison Price: 4,89 €/kg
Product: Nordqvist Keisarin Morsian musta tee 20 x 1,75 g RFA, Unit Price: 2,55 €, Comparison Price: 72,86 €/kg
Product: House muki Kesähetki 0,44 l, Unit Price: 4,95 €, Comparison Price: 
Product: Fackelmann suppilosetti, Unit Price: 3,95 €, Comparison Price: 
Product: Oreo Remix Raspberry & vanilla  täytekeksi 157g, Unit Price: 1,39 €, Comparison Price: 8,85 €/kg
Product: Lumene Longwear Eyebrow Definer Kulmakynä 1 Vaaleanruskea 0,09 g, Unit Price: 10,90 €, Comparison Price: 
Product: Semper Yogomums Omena Banaani Vadelma 12kk jogurtti hedelmäsose 120g, Unit Price: 1,09 €, Comparison Price: 9,08 €/kg
Product: Semper Yogomums Mango Omena 12kk jogurtti hedelmäsose 120g, Unit Price: 1,09 €, Comparison Price: 9,08 €/kg
Product: Semper Aurinkohedelmiä & jogurttia 8kk hedelmäsose 190g, Unit Price: 1,19 €, Comparison Price: 6,26 €/kg
Product: LV 150ml tahranpoistospray 2in1, Unit Price: 2,49 €, Comparison Price: 16,60 €/l
Product: Piltti Pohjoisen maut 190g Marjaisat palat marja- ja hedelmäsose 8kk, Unit Price: 1,29 €, Comparison Price: 6,79 €/kg
Product: Piltti Pohjoisen maut 190g Herukkaiset palat jälkiruoka 8kk, Unit Price: 1,19 €, Comparison Price: 6,26 €/kg
Product: Piltti 190g Hedelmäiset palat hedelmäsose 8kk, Unit Price: 1,19 €, Comparison Price: 6,26 €/kg
Product: Piltti 190g Omena-mango-kauraherkku jälkiruoka 8kk, Unit Price: 1,19 €, Comparison Price: 6,26 €/kg
Product: Semper Kiivi omena & päärynä 8kk hedelmäsose 190g, Unit Price: 1,19 €, Comparison Price: 6,26 €/kg
Product: Muuti luomu banaani persikka mango riisiproteiini smoothie 110g 12kk, Unit Price: 1,15 €, Comparison Price: 10,45 €/kg
Product: Muuti luomu banaani päärynä omena riisiproteiini smoothie 110g 12kk, Unit Price: 1,15 €, Comparison Price: 10,45 €/kg
Product: Akvila juomalasi Tulip 0,2l rikkoutumaton, konepesunkestävä, Unit Price: 1,90 €, Comparison Price: 
Product: Iittala Aino Aalto juomalasi 33cl kirkas 2kpl, Unit Price: 19,90 €, Comparison Price: 9,95 €/kpl
Product: Xtra kynsilakanpoistoaine 200 ml, Unit Price: 1,35 €, Comparison Price: 
Product: Santa Maria Crispy Chicken Spice Mix Mausteseos kanalle 50 g, Unit Price: 1,25 €, Comparison Price: 25,00 €/kg
Product: Dronningholm Kuningatarhillo, Vadelma-mustikkahillo 440g, Unit Price: 3,45 €, Comparison Price: 7,84 €/kg
Product: Moomin Arabia Finland Muumi muki 0,4L ABC A, Unit Price: 24,50 €, Comparison Price: 
Product: St. Dalfour Vadelma-granaattiomenahillo 284g, Unit Price: 2,00 €, Comparison Price: 7,04 €/kg
Product: Vanish gold esikäsittelyaine 200 ml, Unit Price: 4,99 €, Comparison Price: 24,95 €/l
Product: Meira Leivinjauhe 100g, Unit Price: 1,15 €, Comparison Price: 11,50 €/kg
Product: Sunnuntai 4x11g kuivahiiva, Unit Price: 1,39 €, Comparison Price: 31,59 €/kg
Product: Rainbow 10x11g kuivahiiva, Unit Price: 2,25 €, Comparison Price: 20,45 €/kg
Product: Meira Vaniljasokeri 85g, Unit Price: 2,39 €, Comparison Price: 28,12 €/kg
Product: Golden Star 850g Ruokasooda, Unit Price: 2,99 €, Comparison Price: 3,52 €/kg
Product: Sunnuntai 10x11g kuivahiiva, Unit Price: 2,65 €, Comparison Price: 24,09 €/kg
Product: Rainbow ruokasooda 140g, Unit Price: 0,63 €, Comparison Price: 4,50 €/kg
Product: Rainbow liivatelehti 20 g, Unit Price: 1,05 €, Comparison Price: 52,50 €/kg
Product: Xtra leivinjauhe 225 g, Unit Price: 1,28 €, Comparison Price: 5,69 €/kg
Product: Meira Ruokasooda 125g, Unit Price: 0,89 €, Comparison Price: 7,12 €/kg
Product: Törsleffs makeutettu maitotiiviste 397g, Unit Price: 2,55 €, Comparison Price: 6,42 €/kg
Product: Meira Leivinjauhe 50g, Unit Price: 0,69 €, Comparison Price: 13,80 €/kg
Product: Kotileipojan kuivahiiva 2x12g, Unit Price: 0,85 €, Comparison Price: 35,42 €/kg
Product: Meira Liivatelehti 20g, Unit Price: 1,35 €, Comparison Price: 67,50 €/kg
Product: Törsleffs karamellisoitu sokeroitu maitotiiviste 397g, Unit Price: 2,55 €, Comparison Price: 6,42 €/kg
Product: Dr. Oetker 160 g Leivinjauhe, Unit Price: 1,35 €, Comparison Price: 8,44 €/kg
Product: Meira Ruokasooda 50g, Unit Price: 0,39 €, Comparison Price: 7,80 €/kg
Product: Golden Star Leivinjauhe 700g, Unit Price: 4,99 €, Comparison Price: 7,13 €/kg
Product: Meira Agar Agar hyytelöimisjauhe 60g, Unit Price: 5,79 €, Comparison Price: 96,50 €/kg
Product: Golden Star 100g Vaniljasokeri, Unit Price: 1,59 €, Comparison Price: 15,90 €/kg
Product: Dr. Oetker Kuivattu hapanjuuri ja hiiva 30g, Unit Price: 1,09 €, Comparison Price: 36,33 €/kg
Product: Dansukker Vaniljasokeri 140g, Unit Price: 2,05 €, Comparison Price: 14,64 €/kg
Product: Dovgan Kondensoitu maito, makeutettu 480 g/ 370 ml, Unit Price: 3,75 €, Comparison Price: 10,14 €/l
Product: Dr. Oetker Nopea pizzahiiva 26g, Unit Price: 1,09 €, Comparison Price: 41,92 €/kg
Product: Wild&Mild Nail polish remover acetone free 200ml, Unit Price: 5,50 €, Comparison Price: 
Product: Coop juustokastike 300 g, Unit Price: 1,49 €, Comparison Price: 4,97 €/kg
Product: McLean mikrokuituliina lasipinnoille 40x40cm, Unit Price: 1,29 €, Comparison Price: 
Product: Saarioinen Mansikka-vadelmahillo 500g, Unit Price: 3,99 €, Comparison Price: 7,98 €/kg
Product: Mellerud parketti ja korkki puhdistus- ja hoitoaine 1,0 l, Unit Price: 10,90 €, Comparison Price: 10,90 €/l
Product: Apetit Suikalejuurekset pakaste 180g, Unit Price: 0,50 €, Comparison Price: 2,78 €/kg
Product: Oululainen Pullava Kanelitäytepitko 400g, täytepitko, Unit Price: 2,49 €, Comparison Price: 6,23 €/kg
Product: essence make me BROW kulmageeli 3,8 ml, Unit Price: 3,09 €, Comparison Price: 772,50 €/l
Product: Mikrokupu Ø 25 cm kirkas, Unit Price: 3,95 €, Comparison Price: 
Product: Dronningholm Omena-vaniljahillo 440g, Unit Price: 3,45 €, Comparison Price: 7,84 €/kg
Product: Moomin Arabia Muumi Rakkaus muki 0,3 l, Unit Price: 13,40 €, Comparison Price: 
Product: Meritalo Suomalainen Kuningatarhillo 410g, Unit Price: 3,69 €, Comparison Price: 9,00 €/kg
Product: Orthex suppilo 13cm valkoinen, Unit Price: 2,20 €, Comparison Price: 
Product: House muki orkidea 0,45 l, Unit Price: 4,95 €, Comparison Price: 
Product: Vanish tahranpoistoneste Pink 750ml, Unit Price: 7,49 €, Comparison Price: 9,99 €/l
Product: Perheleipuri Salonen Mustikkapitko 360 g mustikkatäytteinen pullapitko, Unit Price: 3,95 €, Comparison Price: 10,97 €/kg
Product: Xtra Digestive täysjyvävehnäkeksi 400g, Unit Price: 0,65 €, Comparison Price: 1,63 €/kg
Product: Digestive Classic keksi 400g, Unit Price: 2,45 €, Comparison Price: 6,13 €/kg
Product: Rainbow 400g Digestive täysjyvävehnäkeksi, Unit Price: 1,69 €, Comparison Price: 4,22 €/kg
Product: Digestive Täysjyvä keksi 400g, Unit Price: 2,49 €, Comparison Price: 6,23 €/kg
Product: Gullón Digestive 150g Gluteeniton, Unit Price: 1,99 €, Comparison Price: 13,27 €/kg
Product: McVitie's Digestive 400g Original Vehnäkeksit, Unit Price: 2,09 €, Comparison Price: 5,23 €/kg
Product: Gullòn Digestive 400g Sokeriton, Unit Price: 2,49 €, Comparison Price: 6,23 €/kg
Product: Semper Gluteeniton Digestive keksi 160g, Unit Price: 3,49 €, Comparison Price: 21,81 €/kg
Product: Semper Gluteeniton Kaura digestivekeksi 150g, Unit Price: 3,75 €, Comparison Price: 25,00 €/kg
Product: Sini Yleisp täyttöpakkaus 2 kpl, Unit Price: 3,79 €, Comparison Price: 1,90 €/kpl
Product: FSC Paper Cup 200ml Multiwatercolor Dots 8 kpl, Unit Price: 0,50 €, Comparison Price: 0,06 €/kpl
Product: Herkkumaa Kuningashillo 460g, Unit Price: 2,99 €, Comparison Price: 6,50 €/kg
Product: Rotho mikrokupu Basic 26,5 cm, Unit Price: 3,20 €, Comparison Price: 
Product: House jäätelökauha, Unit Price: 6,95 €, Comparison Price: 
Product: Dylon 2x50g Black Renovator värinpalauttaja, Unit Price: 3,29 €, Comparison Price: 1,65 €/kpl
Product: Fackelmann sitruspuristin Statement, Unit Price: 4,50 €, Comparison Price: 
Product: Iittala 21cl Kartio juomalasi 2kpl pellava, Unit Price: 16,50 €, Comparison Price: 8,25 €/kpl
Product: MUA Make Up Academy Brow Define Eyebrow Pencil with Blending Brush Mid Brown kulmakynä, Unit Price: 4,20 €, Comparison Price: 
Product: Juomalasi 25 cl muovia, Unit Price: 1,50 €, Comparison Price: 
Product: Kartonkimuki 200ml Yrtit, Unit Price: 2,05 €, Comparison Price: 0,26 €/kpl
Product: Coop keittojuurekset 450 g pakaste, Unit Price: 0,99 €, Comparison Price: 2,20 €/kg
Product: Moomin Arabia Muumi Muumipappa muki 0,3l harmaa, Unit Price: 18,90 €, Comparison Price: 
Product: 2 x Hartwall Jaffa Appelsiini Sokeriton virvoitusjuoma 1,5 l, Unit Price: 4,29 €, Comparison Price: 1,16 €/l
Product: Xtra sokeriton appelsiini  virvoitusjuoma 1,5l, Unit Price: 1,19 €, Comparison Price: 0,53 €/l
Product: Rainbow Appelsiini Sokeriton virvoitusjuoma 1,5 l kmp, Unit Price: 1,65 €, Comparison Price: 0,83 €/l
Product: Hartwall Jaffa Appelsiini virvoitusjuoma 0,5 l, Unit Price: 2,29 €, Comparison Price: 4,18 €/l
Product: Rainbow Appelsiini virvoitusjuoma 0,5 l kmp, Unit Price: 0,89 €, Comparison Price: 1,38 €/l
Product: Rainbow Appelsiini virvoitusjuoma 1,5 l kmp, Unit Price: 1,65 €, Comparison Price: 0,83 €/l
Product: Rainbow Appelsiini Sokeriton virvoitusjuoma 0,5 l kmp, Unit Price: 0,89 €, Comparison Price: 1,38 €/l
Product: Hartwall Jaffa Appelsiini virvoitusjuoma 1,5 l, Unit Price: 2,99 €, Comparison Price: 1,73 €/l
Product: Fanta Appelsiini virvoitusjuoma muovipullo 0,5 L, Unit Price: 2,39 €, Comparison Price: 4,38 €/l
Product: Hartwall Jaffa Appelsiini Sokeriton virvoitusjuoma 1,5 l, Unit Price: 2,75 €, Comparison Price: 1,57 €/l
Product: Fanta Appelsiini virvoitusjuoma muovipullo 1,5 L, Unit Price: 2,95 €, Comparison Price: 1,70 €/l
Product: 24 x Hartwall Jaffa Appelsiini Sokeriton virvoitusjuoma 0,33 l, Unit Price: 15,49 €, Comparison Price: 1,65 €/l
Product: Hartwall Jaffa Appelsiini Sokeriton virvoitusjuoma 0,5 l, Unit Price: 2,25 €, Comparison Price: 4,10 €/l
Product: Fanta Appelsiini Zero virvoitusjuoma muovipullo 1,5 L, Unit Price: 2,65 €, Comparison Price: 1,50 €/l
Product: 2 x Hartwall Jaffa Appelsiini virvoitusjuoma 1,5 l, Unit Price: 4,99 €, Comparison Price: 1,40 €/l
Product: Fanta Sitruuna Zero virvoitusjuoma muovipullo 0.5 L, Unit Price: 2,25 €, Comparison Price: 4,10 €/l
Product: 6-pack Fanta Appelsiini virvoitusjuoma tölkki 0,33 L, Unit Price: 5,19 €, Comparison Price: 2,17 €/l
Product: Rainbow veriappelsiini virvoitusjuoma 0,5l, Unit Price: 1,05 €, Comparison Price: 1,70 €/l
Product: 12 x Rainbow orange virvoitusjuoma 0,33l, Unit Price: 7,69 €, Comparison Price: 1,64 €/l
Product: Rainbow Veriappelsiini virvoitusjuoma 1,5l, Unit Price: 2,19 €, Comparison Price: 1,19 €/l
Product: Hometown Lemonades Orange 0,33l, Unit Price: 1,79 €, Comparison Price: 4,97 €/l
Product: La Mortuacienne Rieme Mandariini Virvoitusjuoma 1L, Unit Price: 7,39 €, Comparison Price: 7,29 €/l
Product: La Mortuacienne Rieme Appelsiini Virvoitusjuoma 1L, Unit Price: 7,39 €, Comparison Price: 7,29 €/l
Product: Muumi 200g suklaakeksit, Unit Price: 4,29 €, Comparison Price: 21,45 €/kg
Product: House kahvinsuodatin, Unit Price: 5,95 €, Comparison Price: 
Product: Abba MSC tonnikalaa vedessä 200/150g, Unit Price: 3,25 €, Comparison Price: 21,67 €/kg
Product: Akro mikrokuituliina hankauskulmalla 2kpl, Unit Price: 2,95 €, Comparison Price: 1,48 €/kpl
Product: essence eyebrow DESIGNER kulmakynä 1g, Unit Price: 1,89 €, Comparison Price: 1890,00 €/kg
Product: Lumene Pure Gloss Kynsilakka 45 Vadelmasorbetti 5 ml, Unit Price: 1,99 €, Comparison Price: 398,00 €/l
Product: Fresh SalaattiMestari Meloni-rypälesalaatti 1,8kg GN1/1, Unit Price: 17,90 €, Comparison Price: 
Product: TUC Sour Cream&Onion suolakeksejä 100g, Unit Price: 1,49 €, Comparison Price: 14,90 €/kg
Product: essence FIX IT LIKE A BOSS TRANSPARENT BROW FIXING GEL väritön kulmageeli 8,5 ml, Unit Price: 3,49 €, Comparison Price: 
Product: Spen cocktailtikku 1000kpl 1572, Unit Price: 2,49 €, Comparison Price: 0,01 €/kpl
Product: Spen grillitikkuja 30cm 100kpl, Unit Price: 0,99 €, Comparison Price: 0,01 €/kpl
Product: Spen grillitikkuja 40cm 50kpl, Unit Price: 0,99 €, Comparison Price: 0,02 €/kpl
Product: Spen hampurilaistikku 11cm 50kpl, Unit Price: 0,89 €, Comparison Price: 0,02 €/kpl
Product: Spen paperi pilli 25 kpl 6x200 mm, Unit Price: 0,85 €, Comparison Price: 0,03 €/kpl
Product: Spen annoskoriste aurinkovarjo 10 kpl, Unit Price: 0,85 €, Comparison Price: 0,09 €/kpl
Product: Spen paperipilli 25 kpl 8x240mm värilajitelma, Unit Price: 1,19 €, Comparison Price: 0,05 €/kpl
Product: Spen Kakkupaperi 3 laj. 22/26/30cm valkoinen12kpl, Unit Price: 1,19 €, Comparison Price: 0,10 €/kpl
Product: Toothpicks fruits, Unit Price: 2,35 €, Comparison Price: 0,10 €/kpl
Product: Spen annoskoriste kukka 10 kpl, Unit Price: 0,85 €, Comparison Price: 0,09 €/kpl
Product: Spen paperipilli taipuva 6 X 240 mm 25 kpl, Unit Price: 0,95 €, Comparison Price: 0,04 €/kpl
Product: Duni 28cm valkoinen pyöreä kakkualusta 6kpl x 52, Unit Price: 0,50 €, Comparison Price: 0,08 €/kpl
Product: Spen kakkualunen 32cm 2kpl kulta ja hopea, Unit Price: 1,95 €, Comparison Price: 0,98 €/kpl
Product: Spen Kakkualusta 25cm kulta ja hopea 2 kpl, Unit Price: 1,49 €, Comparison Price: 0,75 €/kpl
Product: Spen jälkiruokapikari + lusikat 8kpl, Unit Price: 1,95 €, Comparison Price: 0,24 €/kpl
Product: Duni 25kpl 15cm Cocktail paperipillilajitelma x 20, Unit Price: 1,89 €, Comparison Price: 0,08 €/kpl
Product: Spen popcorn rasia taiteltava 4kpl, Unit Price: 1,55 €, Comparison Price: 0,39 €/kpl
Product: Duni 36cm valkoinen pyöreä reikäkuvioitu kakkupaperi 6kpl x 30, Unit Price: 1,69 €, Comparison Price: 0,28 €/kpl
Product: Spen jäätelöpikari + lusikat 10kpl, Unit Price: 1,35 €, Comparison Price: 0,14 €/kpl
Product: Kakkualusta 16x34cm 2kpl kulta/hopea, Unit Price: 1,49 €, Comparison Price: 0,75 €/kpl
Product: Moomin Sirkusmuumi paperipilli 197x6mm 24kpl, Unit Price: 1,75 €, Comparison Price: 0,07 €/kpl
Product: Spen Kakkualusta 22cm kulta ja hopea 2 kpl, Unit Price: 1,39 €, Comparison Price: 0,70 €/kpl
Product: Spen mehupilli bambua 8x200mm 10kpl, Unit Price: 1,45 €, Comparison Price: 0,14 €/kpl
Product: Moomin Sirkusmuumi lahjapussi 10kpl, Unit Price: 3,35 €, Comparison Price: 0,34 €/kpl
Product: Lotus Biscoff karamellisoitu keksi 250g, Unit Price: 1,89 €, Comparison Price: 7,56 €/kg
Product: Kantolan Kulta Marie keksi 200g, Unit Price: 1,59 €, Comparison Price: 7,95 €/kg
Product: Dr Beckmann 650ml Tahranpoistaja matoille, Unit Price: 6,19 €, Comparison Price: 9,52 €/l
Product: House keittiövaaka 14024413, valkoinen, Unit Price: 15,90 €, Comparison Price: 
Product: House elektroninen keittiövaaka pinkki, Unit Price: 10,50 €, Comparison Price: 
Product: Suomen Lämpömittari paistolämpömittari 372, Unit Price: 19,90 €, Comparison Price: 
Product: House keittiövaaka teräs 15025298, Unit Price: 13,50 €, Comparison Price: 
Product: House elektroninen keittiövaaka, Unit Price: 19,90 €, Comparison Price: 
Product: Suomen Lämpömittari ruokalämpömittari 4016, Unit Price: 36,50 €, Comparison Price: 
Product: Suomen lämpömittari paistolämpömittari, Unit Price: 4,50 €, Comparison Price: 
Product: Suomen lämpömittari uunilämpömittari 924, Unit Price: 6,50 €, Comparison Price: 
Product: Suomen Lämpömittari paisto- ja uunilämpömittari 376, Unit Price: 49,50 €, Comparison Price: 
Product: Suomen lämpömittari paistolämpömittari, Unit Price: 4,95 €, Comparison Price: 
Product: Lumene Eyebrow Shaping Kulmakynä 3 Ash Brown 1,08g, Unit Price: 9,50 €, Comparison Price: 
Product: Rummo Gluteeniton makaroni 400g, Unit Price: 3,09 €, Comparison Price: 7,73 €/kg
Product: Dylon 350g W&D Velvet Black Konetekstiiliväri, Unit Price: 6,69 €, Comparison Price: 19,11 €/kg
Product: Furlotti Parmankinkku 100g, Unit Price: 5,95 €, Comparison Price: 59,50 €/kg
Product: Saarioinen Lettuhillo, sekahillo 800g, Unit Price: 3,99 €, Comparison Price: 4,99 €/kg
Product: Fiskars Essential juustohöylä, Unit Price: 8,90 €, Comparison Price: 
Product: Fiskars Essential pehmeän juuston höylä, Unit Price: 8,90 €, Comparison Price: 
Product: House juustohöylä muovisella varrella 21153417, Unit Price: 6,50 €, Comparison Price: 
Product: Jonas juustohöylä musta, Unit Price: 5,50 €, Comparison Price: 
Product: GastroMax pehmeän juuston höylä musta, Unit Price: 6,90 €, Comparison Price: 
Product: House juustoveitsisetti 4 kpl, Unit Price: 10,90 €, Comparison Price: 2,73 €/kpl
Product: Gastromax pullasuti 19 cm, musta, Unit Price: 3,50 €, Comparison Price: 
Product: GastroMax spiraalivispilä 28 cm musta, Unit Price: 3,95 €, Comparison Price: 
Product: House haarukkavatkain, Unit Price: 3,90 €, Comparison Price: 
Product: House silikonisuti 27 cm, Unit Price: 5,50 €, Comparison Price: 
Product: House silikonikaavin 28 cm, Unit Price: 5,50 €, Comparison Price: 
Product: House kakkupursotin, Unit Price: 5,50 €, Comparison Price: 
Product: Zenker pursotinpussi ja 4 tyllaa, Unit Price: 6,95 €, Comparison Price: 
Product: House silikoninen pallovispilä 21153425, Unit Price: 4,95 €, Comparison Price: 
Product: Fackelmann silikonikaavin, Unit Price: 6,50 €, Comparison Price: 
Product: Fackelmann pullasuti, Unit Price: 6,50 €, Comparison Price: 
Product: House levityslasta 25 cm, Unit Price: 3,50 €, Comparison Price: 
Product: House vispilä muovikahvalla 21153415, Unit Price: 4,95 €, Comparison Price: 
Product: House kaavin, Unit Price: 2,80 €, Comparison Price: 
Product: Fackelmann vispilä, Unit Price: 6,50 €, Comparison Price: 
Product: Lékué pursotinsetti pestävä, Unit Price: 19,90 €, Comparison Price: 
Product: House piirakkakaulin, Unit Price: 7,50 €, Comparison Price: 
Product: House kaulin, Unit Price: 12,50 €, Comparison Price: 
Product: Fackelmann kaulin, Unit Price: 10,50 €, Comparison Price: 
Product: House tyllasetti 5 kpl, Unit Price: 5,80 €, Comparison Price: 1,16 €/kpl
Product: House silikonikaulin 46 cm, Unit Price: 7,50 €, Comparison Price: 
Product: House silikonisuti 25cm 21153427, Unit Price: 4,50 €, Comparison Price: 
Product: House leivontasetti Pörriäinen, Unit Price: 4,95 €, Comparison Price: 
Product: House keittiötyövälinesetti 3 kpl, Unit Price: 7,95 €, Comparison Price: 2,65 €/kpl
Product: House leivontasetti Perhonen, Unit Price: 4,95 €, Comparison Price: 
Product: Rainbow kertakäyttökäsineet M/L 50kpl, Unit Price: 9,95 €, Comparison Price: 0,20 €/kpl
Product: Xtra kertakäyttökäsineet M 100 kpl, Unit Price: 7,59 €, Comparison Price: 0,08 €/kpl
Product: Rainbow talouskäsineet M-koko, Unit Price: 0,50 €, Comparison Price: 
Product: Rainbow talouskäsineet L-koko, Unit Price: 0,50 €, Comparison Price: 
Product: Rainbow kertakäyttökäsineet S/M puuteroimaton 50kpl, Unit Price: 9,95 €, Comparison Price: 0,20 €/kpl
Product: Akro kertakäyttökäsine L 100kpl, Unit Price: 7,49 €, Comparison Price: 0,07 €/kpl
Product: Rainbow talouskäsineet S-koko, Unit Price: 0,50 €, Comparison Price: 
Product: Saima kertakäyttökäsineet, Unit Price: 1,29 €, Comparison Price: 0,03 €/kpl
Product: Akro kertakäyttökäsine M 100kpl, Unit Price: 7,49 €, Comparison Price: 0,07 €/kpl
Product: Sini puuvillakäsine valkoinen, Unit Price: 1,59 €, Comparison Price: 
Product: Vileda Natural Latex 10 kertakäyttökäsine koko S/M, Unit Price: 3,49 €, Comparison Price: 0,35 €/kpl
Product: Vileda Food Safe 40 kpl kertakäyttökäsine nitriiliä, koko M/L, Unit Price: 8,95 €, Comparison Price: 0,22 €/kpl
Product: Vileda Natural Latex 40 kertakäyttökäsine koko M/L, Unit Price: 8,49 €, Comparison Price: 0,21 €/kpl
Product: Vileda Dermo Plus talouskäsine koko M (nitriiliä), Unit Price: 3,99 €, Comparison Price: 
Product: Vileda Dermo Plus L nitriilitalouskäsine 1 pari, Unit Price: 3,99 €, Comparison Price: 
Product: Vileda Super Grip talouskäsine koko M, Unit Price: 2,99 €, Comparison Price: 2,99 €/pr
Product: Rainbow Jasmiiniriisi 1 kg, Unit Price: 2,49 €, Comparison Price: 2,49 €/kg
Product: Preah Vihear Jasmiiniriisi 1Kg, Unit Price: 2,19 €, Comparison Price: 2,19 €/kg
Product: Preah Vihear Jasmiiniriisi 5kg, Unit Price: 8,99 €, Comparison Price: 1,80 €/kg
Product: Xtra jasmiiniriisi 1 kg, Unit Price: 1,99 €, Comparison Price: 1,99 €/kg
Product: Risella Jasmiiniriisi 1kg, Unit Price: 3,79 €, Comparison Price: 3,79 €/kg
Product: Ben's Original Jasmiiniriisi 1kg, Unit Price: 5,89 €, Comparison Price: 5,89 €/kg
Product: Ben's Original Jasmiiniriisi keitinpusseissa 8x125g, Unit Price: 6,19 €, Comparison Price: 6,19 €/kg
Product: GOHAR Jasmiiniriisi 1 kg, Unit Price: 2,79 €, Comparison Price: 2,79 €/kg
Product: Änglamark jasmiiniriisi luomu 1 kg, Unit Price: 3,59 €, Comparison Price: 3,59 €/kg
Product: Risella Jasmiiniriisi keitinpussissa 4x125g, Unit Price: 2,69 €, Comparison Price: 5,38 €/kg
Product: URTEKRAM luomu Täysjyväjasminriisi 500g, Unit Price: 3,45 €, Comparison Price: 6,90 €/kg
Product: L ATERIMET MUUMI 2KPL, Unit Price: 10,50 €, Comparison Price: 5,25 €/kpl
Product: Havi Havulyhty hautakynttilä 1kpl, Unit Price: 1,00 €, Comparison Price: 
Product: Softlan Perfumed Freshness Coconut & White Flowers huuhteluaine 650ml, Unit Price: 2,09 €, Comparison Price: 3,22 €/l
Product: Rainbow matjessillifileet vakuumi 150g, 2-3kpl, Unit Price: 2,19 €, Comparison Price: 14,60 €/kg
Product: Panda valkosuklaalevy 145g, Unit Price: 1,85 €, Comparison Price: 12,76 €/kg
Product: Carrefour Soft kasvokuorinta 75 ml, Unit Price: 1,99 €, Comparison Price: 26,53 €/l
Product: Rainbow lyhtykynttilä 4kpl valkoinen, Unit Price: 1,59 €, Comparison Price: 0,40 €/kpl
Product: Rainbow Kalamata kreikkalaiset kivettömät oliivit 350/185 g, Unit Price: 1,26 €, Comparison Price: 6,81 €/kg
Product: Rainbow Chalkidiki kreikkalaiset kivettömät oliivit 350/185 g, Unit Price: 0,82 €, Comparison Price: 4,43 €/kg
Product: Delphi 350/185g vihreä oliivi kivetön, Unit Price: 1,79 €, Comparison Price: 9,68 €/kg
Product: Rainbow vihreät oliivit paprikatahnatäytteellä 235/142 g, Unit Price: 1,04 €, Comparison Price: 7,32 €/kg
Product: Päivänsäde Herkkuoliivi vihreä kivetön vähäsuolainen 300g/130g, Unit Price: 2,29 €, Comparison Price: 17,62 €/kg
Product: Rainbow Hojiblanca tummat kivettömät oliivit 235/113 g, Unit Price: 1,03 €, Comparison Price: 9,12 €/kg
Product: Fragata espanjalaisia oliiveja sitruunatäytteellä 200/85g, Unit Price: 1,15 €, Comparison Price: 13,53 €/kg
Product: Rainbow vihreät oliivit viipaleina 235/142 g, Unit Price: 1,09 €, Comparison Price: 7,68 €/kg
Product: Fragata musta kivetön oliivi 330/163g, Unit Price: 1,85 €, Comparison Price: 11,35 €/kg
Product: Amalthia 260/140g Kalamata-oliivi kivetön, Unit Price: 2,29 €, Comparison Price: 16,36 €/kg
Product: Fragata mustat viipaloidut oliivit 330/170g, Unit Price: 1,65 €, Comparison Price: 9,71 €/kg
Product: Rainbow Manzanilla vihreät kivettämöt oliivit 235/113 g, Unit Price: 1,39 €, Comparison Price: 12,30 €/kg
Product: Xtra paprikatahnatäytteiset vihreät oliivit 935/550 g, Unit Price: 2,25 €, Comparison Price: 4,09 €/kg
Product: Fragata vähäsuolainen vihreä oliivi 142/70g, Unit Price: 1,15 €, Comparison Price: 16,43 €/kg
Product: Fragata Vähäsuolainen vihreä oliivi paprikatäytteellä 142/85g, Unit Price: 1,19 €, Comparison Price: 14,00 €/kg
Product: Olymp 300/150g vihreä kivetön oliivi suolavedessä luomu, Unit Price: 2,75 €, Comparison Price: 18,33 €/kg
Product: Filos deluxe 400/190g kivetön vihreä oliivi Amfissa super mammouth, Unit Price: 2,95 €, Comparison Price: 15,53 €/kg
Product: Fragata vihreä paprikatäytteinen oliivi 335/198g, Unit Price: 1,95 €, Comparison Price: 9,85 €/kg
Product: Gaea Kalamata oliivi kivetön 290/160g, Unit Price: 3,65 €, Comparison Price: 22,12 €/kg
Product: Delphi 360/200g oliivi valkosipulitäyte, Unit Price: 2,29 €, Comparison Price: 11,45 €/kg
Product: Delphi Kreikkalainen Kalamataoliivi Kivetön 350/185g, Unit Price: 2,55 €, Comparison Price: 12,75 €/kg
Product: Filos deluxe 400/220g vihreä oliivi Amfissa atlas kivellinen, Unit Price: 2,89 €, Comparison Price: 13,14 €/kg
Product: Vegontable Kivettömiä luomu Kalamata oliiveja 360 g / 180 g, Unit Price: 2,95 €, Comparison Price: 16,39 €/kg
Product: Gaea Kalamata oliivi kivellinen 300/175g, Unit Price: 3,49 €, Comparison Price: 19,94 €/kg
Product: Nissin 100g Demae Ramen aasialaistyylinen pikanuudelikeitto, seesamin makuinen, Unit Price: 0,50 €, Comparison Price: 5,00 €/kg
Product: Ulkokynttilä ämpärissä w/lid 20 h lime, Unit Price: 9,50 €, Comparison Price: 
Product: Xtra ulkotuli 4 kpl, Unit Price: 1,64 €, Comparison Price: 0,41 €/kpl
Product: Sini vaihtorulla teippiharjaan 2-pack, Unit Price: 4,25 €, Comparison Price: 2,13 €/kpl
Product: Sini teippiharja 5m teippiä, Unit Price: 3,35 €, Comparison Price: 
Product: Kron teippiharja vaihtorulla 5m, Unit Price: 2,19 €, Comparison Price: 
Product: Kron 5m teippiharja, Unit Price: 2,79 €, Comparison Price: 
Product: Smart teippiharjan vaihtorullat 2kpl, Unit Price: 3,29 €, Comparison Price: 1,65 €/kpl
Product: Sini puinen pyykkipoika jumbo 20kpl, Unit Price: 1,95 €, Comparison Price: 0,10 €/kpl
Product: Karvakamu irtokarvanpoistaja, Unit Price: 5,95 €, Comparison Price: 
Product: Rainbow mattopiiska, Unit Price: 10,90 €, Comparison Price: 
Product: Saima 2kpl vararulla mattoteippiharjaan, Unit Price: 3,35 €, Comparison Price: 1,68 €/kpl
Product: Saima 60 arkkia mattoteippiharja, Unit Price: 3,95 €, Comparison Price: 
Product: Smart teippiharja, Unit Price: 3,29 €, Comparison Price: 
Product: Sini muovinen pyykkipoika jumbo 20kpl, Unit Price: 2,50 €, Comparison Price: 0,13 €/kpl
Product: Cosatto pyykkipoika 20kpl valkoinen/harmaa, Unit Price: 2,95 €, Comparison Price: 
Product: House pyykkipoika 24 kpl, Unit Price: 1,95 €, Comparison Price: 0,08 €/kpl
Product: House pyykkipojat 24 kpl bambu, Unit Price: 2,95 €, Comparison Price: 0,12 €/kpl
Product: Supi sukkapidike 15kpl, Unit Price: 6,95 €, Comparison Price: 0,46 €/kpl
Product: House pyykkipojat 20 kpl ja pyykkinaru 20 m, Unit Price: 3,90 €, Comparison Price: 
Product: Cosatto pyykkipojat 20 kpl kierrätetty muovi, Unit Price: 3,95 €, Comparison Price: 0,20 €/kpl
Product: Piippo Pyykkinaru valkoinen 6mmx25m, Unit Price: 6,50 €, Comparison Price: 
Product: Cosatto pyykkipoika Julia 20 kpl, valkoinen/harmaa, Unit Price: 3,50 €, Comparison Price: 0,18 €/kpl
Product: Sini pyykkinaru 50m, Unit Price: 4,95 €, Comparison Price: 
Product: Sini pyykkinaru 20m, Unit Price: 3,50 €, Comparison Price: 
Product: Piippo Kotinaru 100g, valkoinen. 90m/rll, Unit Price: 3,70 €, Comparison Price: 
Product: Piippo Pyykkinaru vihreä 3mmx59m, Unit Price: 8,50 €, Comparison Price: 
Product: Semper Gluteeniton Kuitupitoinen Makaroni pasta 450g, Unit Price: 3,75 €, Comparison Price: 8,33 €/kg
Product: Lysol desinfioiva pyykinpesukoneen puhdistaja 250ml, Unit Price: 4,49 €, Comparison Price: 17,96 €/l
Product: Soledo saumasuojasuihke aerosoli 400 ml, Unit Price: 22,90 €, Comparison Price: 57,25 €/l
Product: Akro kuppiharja TPR vihreä, Unit Price: 2,95 €, Comparison Price: 
Product: Xtra ruokalusikka 6kpl, Unit Price: 5,95 €, Comparison Price: 0,99 €/kpl
Product: Mr.Eco Monikäyttöliina bambu 32x35cm, Unit Price: 3,29 €, Comparison Price: 
Product: Taikasieni®-liina, Unit Price: 2,69 €, Comparison Price: 
Product: Griesson Twist Snack Juusto 125g, Unit Price: 1,79 €, Comparison Price: 14,32 €/kg
Product: TUC Cheese suolakeksi 100g, Unit Price: 1,49 €, Comparison Price: 14,90 €/kg
Product: Aino pölyhuiska sateenkaari, Unit Price: 2,79 €, Comparison Price: 
Product: Gymstick 200ml nestemäinen kalkki, Unit Price: 9,99 €, Comparison Price: 
Product: Coop Lasagne pasta, sisältää kananmunaa 500 g, Unit Price: 2,19 €, Comparison Price: 4,38 €/kg
Product: Nature Line puukuituhaarukka Premium 12 kpl, Unit Price: 1,65 €, Comparison Price: 0,14 €/kpl
Product: Biopak 10kpl 150mm CPLA Bio haarukka x 10, Unit Price: 1,25 €, Comparison Price: 0,13 €/kpl
Product: Biopak 10kpl 150mm CPLA Bio lusikka x 10, Unit Price: 1,25 €, Comparison Price: 0,13 €/kpl
Product: Biopak 10kpl 150mm CPLA Bio veitsi x 10, Unit Price: 1,25 €, Comparison Price: 0,13 €/kpl
Product: Nature Line puukuituruokalusikka Premium 12 kpl, Unit Price: 1,75 €, Comparison Price: 0,15 €/kpl
Product: Nature Line puukuitukahvilusikka Premium 12 kpl, Unit Price: 1,25 €, Comparison Price: 0,10 €/kpl
Product: Spen puinen haarukka 16cm 12kpl, Unit Price: 0,79 €, Comparison Price: 0,07 €/kpl
Product: Spen puinen haarukka, veitsi ja lautasliina setti, Unit Price: 0,25 €, Comparison Price: 
Product: SaveGaia kompostoitava ja biohajoava kestohaarukka 12kpl, Unit Price: 3,49 €, Comparison Price: 0,29 €/kpl
Product: Biopak 10x18kpl 165mm haarukka, veitsi & lusikka vahattu puuaterinsetti x 144, Unit Price: 2,15 €, Comparison Price: 0,12 €/kpl
Product: Nature Line puukuituveitsi Premium 12 kpl, Unit Price: 1,55 €, Comparison Price: 0,13 €/kpl
Product: BIOPAK Pluma valkoinen paperihaarukka 16cm 10kpl, Unit Price: 2,45 €, Comparison Price: 0,25 €/kpl
Product: Spen maistiaishaarukka 11cm 50kpl, Unit Price: 0,79 €, Comparison Price: 0,02 €/kpl
Product: Homekit Kertakäyttöinen aterinsetti 30kpl, Unit Price: 3,99 €, Comparison Price: 0,13 €/kpl
Product: BIOPAK 10kpl 18cm Grand vahattu puulusikka, Unit Price: 2,10 €, Comparison Price: 0,21 €/kpl
Product: Spen puinen kahvilusikka 11cm 12kpl, Unit Price: 0,69 €, Comparison Price: 0,06 €/kpl
Product: Spen puinen lusikka 16cm 12kpl, Unit Price: 0,79 €, Comparison Price: 0,07 €/kpl
Product: Spen kahvitikku 50kpl, Unit Price: 0,79 €, Comparison Price: 0,02 €/kpl
Product: SaveGaia kompostoitava ja biohajoava kestolusikka 12kpl, Unit Price: 3,49 €, Comparison Price: 0,29 €/kpl
Product: BIOPAK 10kpl 18cm Grand vahattu puuhaarukka, Unit Price: 2,09 €, Comparison Price: 0,21 €/kpl
Product: Spen puinen veitsi 16cm 12kpl, Unit Price: 0,79 €, Comparison Price: 0,07 €/kpl
Product: BIOPAK Pluma valkoinen paperilusikka 15cm 10kpl, Unit Price: 2,55 €, Comparison Price: 0,26 €/kpl
Product: SaveGaia kompostoitava ja biohajoava kestoveitsi 12kpl, Unit Price: 3,49 €, Comparison Price: 0,29 €/kpl
Product: BIOPAK 10kpl 19cm Grand vahattu puuveitsi, Unit Price: 1,99 €, Comparison Price: 0,20 €/kpl
Product: Koskenkorva PURE Passion Strawberry 5,5% 33cl, Unit Price: 2,95 €, Comparison Price: 8,48 €/l
Product: Swiffer Duster Starter Kit kahva + 5 pölyhuiskaa, Unit Price: 6,39 €, Comparison Price: 
Product: Nordic Stream vaihtomoppi ikkunanpesusettiin DNS15736, Unit Price: 4,95 €, Comparison Price: 
Product: House talouspaperiteline, Unit Price: 9,95 €, Comparison Price: 
Product: Bolsius True Scents – tuoksulämpökynttilät – Mango – oranssi – 18 kpl/pakkaus, Unit Price: 2,65 €, Comparison Price: 0,15 €/kpl
Product: COMFORT Blue Skies Huuhteluaine Mieto ja puhdas tuoksu 762 ml 42 pesua, Unit Price: 2,79 €, Comparison Price: 3,66 €/l
Product: Havi antiikkikynttilä vaaleansininen 28cm 4kpl  8 h, Unit Price: 4,29 €, Comparison Price: 1,07 €/kpl
Product: ONNI Pyykkietikka 750 ml Puhdas-Pellava, Unit Price: 3,59 €, Comparison Price: 4,79 €/l
Product: COMFORT Pure Huuhteluaine Hypoallergeeninen 762 ml 42 pesua, Unit Price: 2,79 €, Comparison Price: 3,66 €/l
Product: Rainbow 1l pyykkietikka greippi, Unit Price: 4,29 €, Comparison Price: 4,29 €/l
Product: ONNI Pyykkietikka 750 ml Laventeli, Unit Price: 3,59 €, Comparison Price: 4,79 €/l
Product: Comfort Sunfresh Huuhteluaine Mieto ja puhdas tuoksu 762 ml 42 pesua, Unit Price: 2,79 €, Comparison Price: 3,66 €/l
Product: ONNI Pyykkietikka 750 ml Vanilja-Kirsikka, Unit Price: 3,59 €, Comparison Price: 4,79 €/l
Product: ONNI Pyykkietikka 750 ml Bergamot-Lime, Unit Price: 3,59 €, Comparison Price: 4,79 €/l
Product: Comfort  Peony  Huuhteluaine  Mieto ja puhdas tuoksu   762 ml 42 pesua, Unit Price: 2,79 €, Comparison Price: 3,66 €/l
Product: Comfort  Sensitive  Huuhteluaine   750 ml, Unit Price: 2,75 €, Comparison Price: 3,67 €/l
Product: Comfort Refresh Blue Skies Huuhteluaine  Mieto tuoksu   1800 ml 100 pesua, Unit Price: 5,79 €, Comparison Price: 3,22 €/l
Product: ONNI Pyykkietikka 750 ml Omena, Unit Price: 3,59 €, Comparison Price: 4,79 €/l
Product: Rainbow 750ml sensitive tekstiilien huuhteluaine hajusteeton, Unit Price: 1,69 €, Comparison Price: 2,25 €/l
Product: Serto Lounatuuli huuhteluaine 750 ml, Unit Price: 2,59 €, Comparison Price: 3,45 €/l
Product: Heti 500ml Pyykkietikka raikas, Unit Price: 5,85 €, Comparison Price: 11,70 €/l
Product: ONNI Pyykkietikka Hajusteeton 750 ml, Unit Price: 3,59 €, Comparison Price: 4,79 €/l
Product: Rainbow Tekstiilien huuhteluaine Pink peony 750ml, Unit Price: 1,69 €, Comparison Price: 2,25 €/l
Product: Serto Aamukaste Pyykkietikka 475ml, Unit Price: 5,69 €, Comparison Price: 11,98 €/l
Product: Softlan Perfumed Freshness Red Fruits & Jasmine huuhteluaine 650ml, Unit Price: 2,09 €, Comparison Price: 3,22 €/l
Product: Comfort  Huuhteluaine Peony & Rose  762ml, Unit Price: 2,79 €, Comparison Price: 3,66 €/l
Product: Softlan Ultra Vanilla & Orchid huuhteluaine 1000ml, Unit Price: 2,79 €, Comparison Price: 2,79 €/l
Product: Rainbow 750ml Fresh Lavender tekstiilien huuhteluaine, Unit Price: 1,69 €, Comparison Price: 2,25 €/l
Product: Rainbow 1l pyykkietikka piparminttu, Unit Price: 4,29 €, Comparison Price: 4,29 €/l
Product: Softlan Perfumed Freshness Coconut & White Flowers huuhteluaine 650ml, Unit Price: 2,09 €, Comparison Price: 3,22 €/l
Product: Fazer Jaffa Sitruuna leivoskeksi 300 g, Unit Price: 0,99 €, Comparison Price: 3,30 €/kg
Product: Twinings 200g Earl Grey irtotea, Unit Price: 6,20 €, Comparison Price: 31,00 €/kg
Product: Forsman tea Rooibos Aavikkokerma maustettu yrttitee 60 g, Unit Price: 1,99 €, Comparison Price: 33,17 €/kg
Product: Nordqvist Keisarin Morsian 130 g RFA, Unit Price: 3,75 €, Comparison Price: 28,85 €/kg
Product: Urtekram Luomu Matcha-teejauhe 50g, Unit Price: 8,50 €, Comparison Price: 170,00 €/kg
Product: Forsman tea Vihreä Jasmiini vihreä maustettu irtotee Reilu kauppa 60 g, Unit Price: 2,35 €, Comparison Price: 39,17 €/kg
Product: Lipton 150g Classic Earl Grey musta irtotee, Unit Price: 3,55 €, Comparison Price: 23,67 €/kg
Product: Forsman tea Paratiisi Sen Cha vihreä maustettu irtotee 60 g, Unit Price: 1,99 €, Comparison Price: 33,17 €/kg
Product: Forsman tea Rentouttava Unitee kofeiiniton maustettu yrttitee 60 g, Unit Price: 3,65 €, Comparison Price: 60,83 €/kg
Product: Nordqvist Tiikerin Päiväuni 130 g RFA, Unit Price: 3,75 €, Comparison Price: 28,85 €/kg
Product: Forsman tea Anti-Stress maustettu yrttitee 60 g, Unit Price: 3,65 €, Comparison Price: 60,83 €/kg
Product: Änglamark Earl Grey irtotee luomu 125 g, Unit Price: 2,95 €, Comparison Price: 23,60 €/kg
Product: Forsman tea Japanilainen Sen Cha vihreä maustamaton luomu irtotee 60 g, Unit Price: 3,25 €, Comparison Price: 54,17 €/kg
Product: Nordqvist Blend No 1 musta lehtitee 800g RFA, Unit Price: 12,90 €, Comparison Price: 16,13 €/kg
Product: Lipton 150g Yellow Label Tea musta irtotee, Unit Price: 3,55 €, Comparison Price: 23,67 €/kg
Product: Xtra Earl Grey tee 100 x 2 g, Unit Price: 2,80 €, Comparison Price: 14,00 €/kg
Product: Forsman tea Rooibos Naturel Reilun kaupan yrttitee 60 g, Unit Price: 2,45 €, Comparison Price: 40,83 €/kg
Product: Forsman tea Gun Powder vihreä maustamaton tee 100 g, Unit Price: 2,95 €, Comparison Price: 29,50 €/kg
Product: Forsman tea Luomu Inkivääri Sencha vihreä tee 60 g, Unit Price: 2,35 €, Comparison Price: 39,17 €/kg
Product: Nordqvist Nippon Green 100g vihreä maustettu irtotee RFA, Unit Price: 3,75 €, Comparison Price: 37,50 €/kg
Product: Nordqvist Japan Sencha Luomutee 80g, Unit Price: 5,05 €, Comparison Price: 63,13 €/kg
Product: Forsman tea Mate Kuuma Tanssi maustettu yrttitee 60 g, Unit Price: 2,35 €, Comparison Price: 39,17 €/kg
Product: Forsman tea Samovar Blend Kultainen Omena musta tee 60 g, Unit Price: 2,45 €, Comparison Price: 40,83 €/kg
Product: Forsman tea Luomu Mate maustamaton yrttitee 100 g, Unit Price: 2,95 €, Comparison Price: 29,50 €/kg
Product: Herkku Rooibos hauduke omenapiirakka 80 g, Unit Price: 3,90 €, Comparison Price: 48,75 €/kpl
Product: Rainbow lämpökynttilä 30kpl, Unit Price: 0,99 €, Comparison Price: 0,03 €/kpl
Product: Icepower kylmäspray 200ml, Unit Price: 6,99 €, Comparison Price: 
Product: Magnesium In Strong magnesiumvoide 90g, Unit Price: 6,99 €, Comparison Price: 77,67 €/kg
Product: House magnesiumpala 56 cm valkoinen, Unit Price: 1,99 €, Comparison Price: 
Product: Cool-X Magnesium spray 100 ml, Unit Price: 15,95 €, Comparison Price: 
Product: House nostohihnat, Unit Price: 5,99 €, Comparison Price: 
Product: Wrange rannetuet Green Flex, Unit Price: 9,99 €, Comparison Price: 
Product: House oteremmit, Unit Price: 14,95 €, Comparison Price: 14,95 €/pr
Product: Mama Riisinuudeli 225g, Unit Price: 2,39 €, Comparison Price: 10,62 €/kg
Product: Santa Maria Munanuudeli 4 kpl 200 g, Unit Price: 1,55 €, Comparison Price: 7,75 €/kg
Product: Yeo's 400g nuudeli Ezy-Cook, Unit Price: 2,29 €, Comparison Price: 5,73 €/kg
Product: Rainbow täysjyvänuudeli 250 G, Unit Price: 1,35 €, Comparison Price: 5,40 €/kg
Product: Rainbow 250G munanuudeli, Unit Price: 1,19 €, Comparison Price: 4,76 €/kg
Product: Santa Maria Riisinuudeli 4 annosta 180 g, Unit Price: 2,05 €, Comparison Price: 11,39 €/kg
Product: Spice Up! Nuudeli 400g, Unit Price: 2,55 €, Comparison Price: 6,37 €/kg
Product: Mama Riisivermiselli 225g, Unit Price: 2,39 €, Comparison Price: 10,62 €/kg
Product: Spice Up! Täysjyvänuudeli 200g, Unit Price: 1,55 €, Comparison Price: 7,75 €/kg
Product: Nongshim Kimchi Noodle Soup120g, Unit Price: 2,49 €, Comparison Price: 20,75 €/kg
Product: Nongshim Shin Ramyun Noodle Spicy 120g, Unit Price: 2,49 €, Comparison Price: 20,75 €/kg
Product: Mama Täysjyväriisinuudeli 225g, Unit Price: 2,49 €, Comparison Price: 11,07 €/kg
Product: Santa Maria 200g Whole Wheat Noodles "Perfect for wok", Unit Price: 1,59 €, Comparison Price: 7,95 €/kg
Product: Miyata 300g Udon nuudeli, Unit Price: 1,49 €, Comparison Price: 4,97 €/kg
Product: Miyata Ramen nuudelit 300g, Unit Price: 1,29 €, Comparison Price: 4,30 €/kg
Product: Santa Maria Ramen Noodles, Ramen-nuudelit 200g, Unit Price: 2,05 €, Comparison Price: 10,25 €/kg
Product: Shirataki 200g Spaghetti, Unit Price: 1,79 €, Comparison Price: 6,63 €/kg
Product: Miyata 300g Soba nuudeli, Unit Price: 1,79 €, Comparison Price: 5,97 €/kg
Product: Go-Tan Miehoen riisinuudeli 250g, Unit Price: 2,79 €, Comparison Price: 11,16 €/kg
Product: Mama Nuudeli 375g, Unit Price: 2,49 €, Comparison Price: 6,64 €/kg
Product: Santa Maria Lasinuudeli 4 kpl 100 g, Unit Price: 2,45 €, Comparison Price: 24,50 €/kg
Product: Kuivattu Shirataki Konjac nuudeli 80g, Unit Price: 1,99 €, Comparison Price: 24,88 €/kg
Product: Blue Dragon kuivattu täysjyvävehnänuudeli 300g, Unit Price: 2,15 €, Comparison Price: 7,17 €/kg
Product: Samyang Buldak Ramen Extreme Hot Chicken 2x Spicy 140g, Unit Price: 3,29 €, Comparison Price: 23,50 €/kg
Product: House vetohihnat, kangasta, Unit Price: 4,99 €, Comparison Price: 4,99 €/pr
Product: House rannetuki, Unit Price: 6,99 €, Comparison Price: 6,99 €/pr
Product: Wrange rannesiteet Orange Tight, Unit Price: 14,95 €, Comparison Price: 
Product: Wrange rannesiteet Green Flex, Unit Price: 12,95 €, Comparison Price: 
Product: Gymstick 8-vetoremmit, Unit Price: 15,95 €, Comparison Price: 15,95 €/pr
Product: Gymstick painonnostovyö, Unit Price: 14,95 €, Comparison Price: 
Product: Breezer Vadelma&Yuzu alkoholijuomasekoitus 4 % lasipullo 0,275 L, Unit Price: 2,00 €, Comparison Price: 6,91 €/l
Product: HK Herkkumaksamakkara 300 g, Unit Price: 2,49 €, Comparison Price: 8,30 €/kg
Product: House leipäkori ø 21 cm, Unit Price: 3,00 €, Comparison Price: 
Product: Rainbow vihreät oliivit viipaleina 235/142 g, Unit Price: 1,09 €, Comparison Price: 7,68 €/kg
Product: Select One Size hiusnauha 3 väriä, Unit Price: 9,95 €, Comparison Price: 
Product: Starter otsanauha musta, Unit Price: 5,95 €, Comparison Price: 
Product: Starter otsanauha pinkki, Unit Price: 5,95 €, Comparison Price: 
Product: Starter otsanauha valkoinen, Unit Price: 5,95 €, Comparison Price: 
Product: Starter lyhyt rannenauha musta, Unit Price: 5,45 €, Comparison Price: 
Product: Wilson otsanauha musta, Unit Price: 7,99 €, Comparison Price: 
Product: Wilson otsanauha valkoinen, Unit Price: 7,99 €, Comparison Price: 
Product: Starter lyhyt rannenauha valkoinen, Unit Price: 5,45 €, Comparison Price: 
Product: Starter lyhyt rannenauha pinkki, Unit Price: 5,45 €, Comparison Price: 
Product: Starter pitkä rannenauha musta, Unit Price: 7,45 €, Comparison Price: 
Product: Koripallo Court Kings koko 5, Unit Price: 11,95 €, Comparison Price: 
Product: Katukoripallo Court Kings koko 7, Unit Price: 11,95 €, Comparison Price: 
Product: Koripallo Court Kings koko 6, Unit Price: 11,95 €, Comparison Price: 
Product: Wilson minikoripallo NCAA Micro 1 ruskea, Unit Price: 8,45 €, Comparison Price: 
Product: Koripallo Court Kings koko 7, Unit Price: 11,95 €, Comparison Price: 
Product: Spalding katukoripallo  koko 7, Unit Price: 34,95 €, Comparison Price: 
Product: Wilson koripallo NBA DRV Plus 5, Unit Price: 22,95 €, Comparison Price: 
Product: Rantalentopallo vihreä/oranssi, Unit Price: 9,95 €, Comparison Price: 
Product: McDavid 6446 HEX koripallopolvisuojat, Unit Price: 44,95 €, Comparison Price: 44,95 €/pr
Product: Wilson koripallo Reaction Pro koko 7, Unit Price: 39,95 €, Comparison Price: 
Product: Wilson koripallopussi yhdelle pallolle, Unit Price: 8,45 €, Comparison Price: 
Product: Molten koripallo 7 B7G2000, Unit Price: 24,95 €, Comparison Price: 
Product: Wilson koripallo NBA DRV Plus 6, Unit Price: 22,95 €, Comparison Price: 
Product: Wilson koko 6 Reaction Pro koripallo, Unit Price: 39,95 €, Comparison Price: 
Product: NBA DRV Plus 7, Unit Price: 22,95 €, Comparison Price: 
Product: Wilson Super Soft Play rantapallo, Unit Price: 15,95 €, Comparison Price: 
Product: Wilson koripallo NBA Team Tribute LA Lakers, Unit Price: 29,95 €, Comparison Price: 
Product: Wilson koko 5 Reaction Pro koripallo, Unit Price: 39,95 €, Comparison Price: 
Product: Molten koripallo 6 B6G2000, Unit Price: 24,95 €, Comparison Price: 
Product: Molten koripallo 5 B5G2000, Unit Price: 24,95 €, Comparison Price: 
Product: NBA koripallo Team Tribute Utah Jazz, Unit Price: 29,95 €, Comparison Price: 
Product: Mikasa VS123W lentopallo, Unit Price: 39,95 €, Comparison Price: 
Product: Wilson koko 7 Evolution koripallo, Unit Price: 74,95 €, Comparison Price: 
Product: Mikasa lasten lentopallo FIVB Inspected, Unit Price: 39,95 €, Comparison Price: 
Product: Coop punaiset kidneypavut suolaliemessä 380/230 g, Unit Price: 0,75 €, Comparison Price: 3,26 €/kg
Product: GoGreen Mustapavut 380g, Unit Price: 1,55 €, Comparison Price: 6,74 €/kg
Product: Coop punaiset linssit 380/230 g, Unit Price: 0,95 €, Comparison Price: 4,13 €/kg
Product: Änglamark valkoiset pavut luomu 380/230 g, Unit Price: 0,95 €, Comparison Price: 4,13 €/kg
Product: GoGreen Luomu Kidneypavut  380g, Unit Price: 1,59 €, Comparison Price: 6,91 €/kg
Product: Rainbow kidneypavut suolaliemessä luomu 380/230 g, Unit Price: 0,79 €, Comparison Price: 3,43 €/kg
Product: Rainbow papusekoitus suolaliemessä 380/230 g, Unit Price: 0,95 €, Comparison Price: 4,32 €/kg
Product: GoGreen Punaiset Linssit 380g, Unit Price: 1,55 €, Comparison Price: 6,74 €/kg
Product: Xtra valkoisia papuja tomaattikastikkeessa 420 g, Unit Price: 0,95 €, Comparison Price: 2,26 €/kg
Product: Rainbow valkoiset pavut tomaattikastikkeessa 390 g, Unit Price: 0,99 €, Comparison Price: 2,54 €/kg
Product: Rainbow ruskeat pavut suolaliemessä 380g/230g, Unit Price: 0,95 €, Comparison Price: 4,13 €/kg
Product: Heinz Valkoisia papuja tomaattikastikkeessa 415g, Unit Price: 2,25 €, Comparison Price: 5,42 €/kg
Product: Coop kidneypavut chilikastikkeessa 390 g, Unit Price: 1,19 €, Comparison Price: 3,05 €/kg
Product: Xtra kidneypavut suolaliemessä 410 g, Unit Price: 0,69 €, Comparison Price: 2,88 €/kg
Product: GoGreen Vihreät Linssit  380g, Unit Price: 1,55 €, Comparison Price: 6,74 €/kg
Product: GoGreen Bean Salsa Original 380 g, Unit Price: 1,99 €, Comparison Price: 5,24 €/kg
Product: GoGreen Luomu Papumix 380g, Unit Price: 1,59 €, Comparison Price: 6,91 €/kg
Product: Coop leikatut vihreät pavut 400/225 g, Unit Price: 0,99 €, Comparison Price: 4,40 €/kg
Product: GoGreen Bean Chili Salsa 380 g, Unit Price: 2,09 €, Comparison Price: 5,50 €/kg
Product: Bonduelle Härkäpavut höyrytetty 310g/265g, Unit Price: 2,79 €, Comparison Price: 10,53 €/kg
Product: Urtekram Luomu Mustapapu suolavedessä  400/240g, Unit Price: 2,25 €, Comparison Price: 9,38 €/kg
Product: Carrefour Classic papusekoitus 425 g, Unit Price: 0,94 €, Comparison Price: 2,21 €/l
Product: Heinz Chili Beans pavut 390g, Unit Price: 2,29 €, Comparison Price: 5,87 €/kg
Product: Urtekram Luomu Belugalinssi 400g, Unit Price: 2,15 €, Comparison Price: 8,96 €/kg
Product: Kantolan Valitut Pikkukeksi suolakeksi 120g, Unit Price: 1,20 €, Comparison Price: 10,00 €/kg
Product: Torino 380g kaura-porkkana täysjyvämakaroni, Unit Price: 2,35 €, Comparison Price: 6,18 €/kg
Product: Dr Beckmann 250g Pyykinpesukoneen puhdistusjauhe, Unit Price: 4,79 €, Comparison Price: 19,16 €/kg
Product: TUC Party Mix suolakeksi 400g, Unit Price: 5,89 €, Comparison Price: 14,72 €/kg
Product: Santa Maria Salsa Dip Medium texmex-dippikastike 250 g, Unit Price: 2,49 €, Comparison Price: 9,96 €/kg
Product: Santa Maria 100G Spice Paste Chicken Tacos, Unit Price: 1,99 €, Comparison Price: 19,90 €/kg
Product: Gelia jatkojohto 3-os maadoitettu 3m kytkin valkoinen, Unit Price: 7,50 €, Comparison Price: 
Product: Gelia jatkojohto 3-os maadoitettu 1m kytkin valkoinen, Unit Price: 5,95 €, Comparison Price: 
Product: Gelia jatkojohto 3-os maadoitettu 3m 3g1.5 valkoinen, Unit Price: 6,95 €, Comparison Price: 
Product: Gelia jatkojohto 6-os maadoitettu 1m kytkin musta, Unit Price: 6,95 €, Comparison Price: 
Product: Gelia jatkojohto 5-os maadoitettu 5m kytkin valkoinen, Unit Price: 11,50 €, Comparison Price: 
Product: Gelia jatkojohto 2+2 popup 2m 2xsuko+2xUSB A+C  60mm silver/musta, Unit Price: 37,90 €, Comparison Price: 
Product: Gelia jatkojohto 3-os maadoitettu 1m 3g1.5 valkoinen, Unit Price: 4,50 €, Comparison Price: 
Product: Gelia jatkojohto europa 4m valkoinen, Unit Price: 5,95 €, Comparison Price: 
Product: Gelia jatkojohto 6-os maadoitettu 3m kytkin valkoinen, Unit Price: 8,95 €, Comparison Price: 
Product: Gelia jatkojohto 3+4 kombi 1m 3xsuko+4xeuro kytkin valkoinen, Unit Price: 7,95 €, Comparison Price: 
Product: Gelia jatkojohto 5-os maadoitettu 1m kytkin valkoinen, Unit Price: 6,50 €, Comparison Price: 
Product: Gelia jatkojohto 6m maadoitettu valkoinen, Unit Price: 10,95 €, Comparison Price: 
Product: Gelia jatkojohto 3-os maadoitettu 0.25m 3g1.5 valkoinen, Unit Price: 3,95 €, Comparison Price: 
Product: Gelia jatkojohto 3-os maadoitettu 5m 3g1.5 valkoinen, Unit Price: 9,95 €, Comparison Price: 
Product: Gelia jatkojohto 5-os maadoitettu 1m 3g1.5 valkoinen, Unit Price: 5,95 €, Comparison Price: 
Product: Gelia jatkojohto 6-os maadoitettu 1m kytkin valkoinen, Unit Price: 6,95 €, Comparison Price: 
Product: Gelia jatkojohto 3m maadoitettu valkoinen, Unit Price: 6,95 €, Comparison Price: 
Product: Gelia jatkojohto 3m maadoitettu musta, Unit Price: 6,95 €, Comparison Price: 
Product: Gelia jatkojohto 6+2 kombi 3m 6xsuko+2xUSB-A kytkin valkoinen, Unit Price: 19,95 €, Comparison Price: 
Product: Gelia jatkojohto europa 2m musta, Unit Price: 4,70 €, Comparison Price: 
Product: Gelia jatkojohto H05RR-F 1-osainen 5m 3x1,5 IP44 punainen, Unit Price: 11,80 €, Comparison Price: 
Product: Gelia jatkojohto 2+1+1 kombi pure push 2m 2xsuko+1xUSB-A+1xUSB-C valkoinen, Unit Price: 34,20 €, Comparison Price: 
Product: Airam 3-osainen jatkojohto kytkimellä 1,5m, pinkki, Unit Price: 8,60 €, Comparison Price: 
Product: Gelia jatkojohto 3m maadoittamaton valkoinen, Unit Price: 5,95 €, Comparison Price: 
Product: TUC Original suolakeksit 100g, Unit Price: 1,49 €, Comparison Price: 14,90 €/kg
Product: Tuorekset Classic Wok kasvissekoitus 300g, Unit Price: 2,99 €, Comparison Price: 9,97 €/kg
Product: Softcare Etana Stop 500 ml, Unit Price: 3,95 €, Comparison Price: 7,90 €/l
Product: Rainbow antiikkikynttilä shampanja 10 kpl, Unit Price: 5,95 €, Comparison Price: 0,60 €/kpl
Product: TUC Sweet Chili suolakeksejä 100g, Unit Price: 1,45 €, Comparison Price: 14,50 €/kg
Product: Neutrogena Blackhead Eliminating Facial Scrub kuorintavoide 150 ml, Unit Price: 6,85 €, Comparison Price: 45,67 €/l
Product: Cool-X urheilijan kipuvoide 150 ml, Unit Price: 8,99 €, Comparison Price: 
Product: Maku juuresharja, Unit Price: 2,79 €, Comparison Price: 
Product: 24 x Hartwall Novelle kivennäisvesi 0,33 l, Unit Price: 8,95 €, Comparison Price: 0,83 €/l
Product: Rainbow iso ulkotuli 8-10h, Unit Price: 0,90 €, Comparison Price: 
Product: Xtra lämpökynttilä 50 kpl, Unit Price: 3,35 €, Comparison Price: 0,07 €/kpl
Product: Tuorekset Mieto Tomaattisalsa 300g, Unit Price: 2,59 €, Comparison Price: 8,63 €/kg
Product: Fazer Domino Original keksi 350g, Unit Price: 3,99 €, Comparison Price: 11,40 €/kg
Product: Kantolan Ballerina vadelma täytekeksi 190g, Unit Price: 1,59 €, Comparison Price: 8,37 €/kg
Product: Fazer Domino Original keksi 525g, Unit Price: 5,95 €, Comparison Price: 11,33 €/kg
Product: Fazer Domino Mokkapala täytekeksi 350 g, Unit Price: 3,99 €, Comparison Price: 11,40 €/kg
Product: Oreo Remix Raspberry & vanilla  täytekeksi 157g, Unit Price: 2,15 €, Comparison Price: 13,69 €/kg
Product: Fazer Domino Original keksi 175g, Unit Price: 2,29 €, Comparison Price: 13,09 €/kg
Product: Fazer Domino Choco Fazerina keksi 180 g, Unit Price: 2,95 €, Comparison Price: 16,39 €/kg
Product: Oreo Remix Tiramisu&vanilla täytekeksi 157g, Unit Price: 2,15 €, Comparison Price: 13,69 €/kg
Product: Xtra täytekeksi vanilja 250 g, Unit Price: 0,65 €, Comparison Price: 2,60 €/kg
Product: Fazer Domino Mustikkapiirakka täytekeksi 175g, Unit Price: 2,29 €, Comparison Price: 13,09 €/kg
Product: Elgorriaga vaniljakeksi 240g, Unit Price: 1,39 €, Comparison Price: 5,79 €/kg
Product: Elgorriaga mansikkakeksi 240g, Unit Price: 1,39 €, Comparison Price: 5,79 €/kg
Product: Fazer Domino Super Original keksi 345g, Unit Price: 4,35 €, Comparison Price: 12,61 €/kg
Product: Fazer Domino Kesälajitelma 525g, Unit Price: 5,95 €, Comparison Price: 11,33 €/kg
Product: Fazer Domino Marianne keksi 350g, Unit Price: 3,99 €, Comparison Price: 11,40 €/kg
Product: Oreo Original täytekeksi 154g, Unit Price: 2,15 €, Comparison Price: 13,96 €/kg
Product: Xtra täytekeksi kaakao 500 g, Unit Price: 1,59 €, Comparison Price: 3,18 €/kg
Product: Fazer Domino Choco Original keksi 180g, Unit Price: 2,95 €, Comparison Price: 16,39 €/kg
Product: Oreo Double Creme täytekeksi 157g, Unit Price: 2,15 €, Comparison Price: 13,69 €/kg
Product: Cavazzuti Prosciutto Crudo 100g, Unit Price: 3,39 €, Comparison Price: 33,90 €/kg
Product: Oreo Original täytekeksi 264g, Unit Price: 3,45 €, Comparison Price: 13,07 €/kg
Product: Kantolan Ballerina nougat täytekeksi 205g, Unit Price: 1,59 €, Comparison Price: 7,76 €/kg
Product: Lotus Biscoff Täytekeksi Biscoff cream 150g, Unit Price: 1,45 €, Comparison Price: 9,67 €/kg
Product: Lotus Biscoff Täytekeksi Vanilla flavour 150g, Unit Price: 1,45 €, Comparison Price: 9,67 €/kg
Product: Kantolan Ballerina mustikka täytekeksi 190g, Unit Price: 1,59 €, Comparison Price: 8,37 €/kg
Product: Moomin Arabia Hackman Muumi lasten aterinsetti Perhe 4-osainen, Unit Price: 39,90 €, Comparison Price: 
Product: Maissi tuore 400g, Unit Price: 4,39 €, Comparison Price: 10,97 €/kg
Product: Rainbow mangoviipaleet sokeriliemessä 425/225 g, Unit Price: 1,16 €, Comparison Price: 5,16 €/kg
Product: Rainbow aprikoosinpuolikkaat mehussa 410/226 g, Unit Price: 1,65 €, Comparison Price: 7,30 €/kg
Product: Rainbow mandariinilohkot mehussa 312/175 g, Unit Price: 1,49 €, Comparison Price: 8,51 €/kg
Product: Rainbow mandariinilohkot sokeriliemessä 312g/175g, Unit Price: 1,15 €, Comparison Price: 6,57 €/kg
Product: Rainbow papaijapalat sokeriliemessä 425/260g, Unit Price: 2,19 €, Comparison Price: 8,42 €/kg
Product: Dole Mango hedelmäkupit 4x113/68g, Unit Price: 4,39 €, Comparison Price: 9,71 €/kg
Product: Rainbow päärynänpuolikkaat mehussa 410/230g, Unit Price: 1,85 €, Comparison Price: 8,04 €/kg
Product: Opies cocktailkirsikoita sokeriliemessä 130/70g, Unit Price: 2,20 €, Comparison Price: 31,43 €/kg
Product: Stollenwerk 680/350g kivettömät hapankirsikat, Unit Price: 4,49 €, Comparison Price: 12,83 €/kg
Product: Del Monte 300g Mandariinilohkoja mehussa, Unit Price: 2,49 €, Comparison Price: 14,23 €/kg
Product: Dole Omenaa ja kanelia sisältävä kasvipohjainen kreemi hedelmävälipala makeutusaineella 4x123g, Unit Price: 4,95 €, Comparison Price: 10,06 €/kg
Product: Dole Persikkaa ja vaniljaa sisältävä kasvipohjainen kreemi hedelmävälipala makeutusaineella 4x123g, Unit Price: 4,95 €, Comparison Price: 10,06 €/kg
Product: Del Monte Jakkihedelmän paloja vedessä 400g/230g, Unit Price: 2,09 €, Comparison Price: 9,09 €/kg
Product: Dole Persikka hedelmäkupit 4x113g/65g, Unit Price: 4,39 €, Comparison Price: 9,71 €/kg
Product: Opies Hillottu inkivääri kokonainen 280/150g, Unit Price: 5,45 €, Comparison Price: 19,46 €/kg
Product: DeliDeli 190g säilötyt sitruunat, Unit Price: 7,45 €, Comparison Price: 39,21 €/kg
Product: kastanjat vedessä, Unit Price: 7,55 €, Comparison Price: 17,16 €/kg
Product: Del Monte 415g Päärynänpuolikas mehussa, Unit Price: 2,55 €, Comparison Price: 11,09 €/kg
Product: Rainbow päärynänpuolikkaat sokeriliemessä 410/230g, Unit Price: 1,95 €, Comparison Price: 8,48 €/kg
Product: Garden Delights Kokonainen Päärynä Viinissä 720ml, Unit Price: 5,39 €, Comparison Price: 7,70 €/kg
Product: Pesty yleisperuna, Unit Price: 0,09 €, Comparison Price: 0,89 €/kg
Product: Pesty kiinteä peruna, Unit Price: 0,10 €, Comparison Price: 0,95 €/kg
Product: Pesty jauhoinen peruna, Unit Price: 0,09 €, Comparison Price: 0,89 €/kg
Product: Peruna Annabelle, Unit Price: 0,10 €, Comparison Price: 1,29 €/kg
Product: Yleisperuna harjattu, Unit Price: 0,08 €, Comparison Price: 0,75 €/kg
Product: Kotimaista yleisperuna 2 kg, Unit Price: 1,79 €, Comparison Price: 0,90 €/kg
Product: Multa varhaisperuna, Unit Price: 0,50 €, Comparison Price: 4,19 €/kg
Product: Jauhoinen peruna harjattu, Unit Price: 0,08 €, Comparison Price: 0,75 €/kg
Product: Santa Maria Taco Spice Mix mausteseos jauhelihalle 3 kpl, 3 x 28 g, Unit Price: 2,79 €, Comparison Price: 33,21 €/kg
Product: Kotimaista peruna Colomba 1kg, Unit Price: 1,09 €, Comparison Price: 1,09 €/kg
Product: Kotimaista arkiperuna 1 kg, Unit Price: 1,09 €, Comparison Price: 1,09 €/kg
Product: Kotimaista jauhoinen peruna 2kg, Unit Price: 1,79 €, Comparison Price: 0,90 €/kg
Product: Kotimaista puikulaperunapussi 1 kg, Unit Price: 1,39 €, Comparison Price: 1,39 €/kg
Product: Kotimaista  kiinteä peruna 2kg, Unit Price: 1,79 €, Comparison Price: 0,90 €/kg
Product: Kotimaista muusiperuna 1 kg, Unit Price: 1,09 €, Comparison Price: 1,09 €/kg
Product: Pikkuperunat 900g, Unit Price: 1,35 €, Comparison Price: 1,50 €/kg
Product: Punakuorinen uuniperuna Suomi HH Tuominen Oy, Unit Price: 0,29 €, Comparison Price: 1,45 €/kg
Product: Lapin Puikula peruna 2kg, Unit Price: 5,29 €, Comparison Price: 2,65 €/kg
Product: Peruna 2 kg Luomu, Unit Price: 3,39 €, Comparison Price: 1,70 €/kg
Product: Peruna Van Gogh 1kg, Unit Price: 1,35 €, Comparison Price: 1,35 €/kg
Product: Kotimaista keittoperuna 1 kg, Unit Price: 1,09 €, Comparison Price: 1,09 €/kg
Product: Peruna 1 kg Luomu, Unit Price: 2,29 €, Comparison Price: 2,29 €/kg
Product: Kotimaista yleisperuna 5kg, Unit Price: 3,99 €, Comparison Price: 0,80 €/kg
Product: Lila tankoparsa 350g, Unit Price: 3,99 €, Comparison Price: 11,40 €/kg
Product: Kasvihuone varhaisperuna, Unit Price: 1,20 €, Comparison Price: 9,99 €/kg
Product: Luminarc La Cave lasi 36cl, Unit Price: 1,90 €, Comparison Price: 
Product: RCR lasi Melodia 34 cl 6 kpl, Unit Price: 21,90 €, Comparison Price: 3,65 €/kpl
Product: Lav lasi Aras 36 cl 6 kpl, Unit Price: 8,50 €, Comparison Price: 1,42 €/kpl
Product: Iittala Aino Aalto juomalasi 22cl kirkas 2kpl, Unit Price: 17,90 €, Comparison Price: 8,95 €/kpl
Product: Iittala Kartio juomalasi 21cl kirkas 2kpl, Unit Price: 15,50 €, Comparison Price: 7,75 €/kpl
Product: Luminarc juomalasi Funambule 27 cl, Unit Price: 1,95 €, Comparison Price: 
Product: Lav lasi Odin 33 cl 6 kpl, Unit Price: 12,50 €, Comparison Price: 2,08 €/kpl
Product: Luminarc La Cave lasi 34cl, Unit Price: 1,90 €, Comparison Price: 
Product: Lav lasi Odin 35,6 cl 6 kpl, Unit Price: 12,50 €, Comparison Price: 2,08 €/kpl
Product: Iittala Kartio juomalasi 40cl kirkas 2kpl, Unit Price: 19,50 €, Comparison Price: 9,75 €/kpl
Product: Moomin Arabia Finland Muumi juomalasi 22cl Puutarhajuhlat, Unit Price: 13,50 €, Comparison Price: 
Product: Moomin Arabia Finland Muumi juomalasi 22cl Yhdessä, Unit Price: 13,50 €, Comparison Price: 
Product: Moomin Arabia Finland Muumi juomalasi 28cl kirkas 2kpl, Unit Price: 26,90 €, Comparison Price: 13,45 €/kpl
Product: Arabia Verna juomalasi 22cl ved.sin 2kpl, Unit Price: 28,50 €, Comparison Price: 14,25 €/kpl
Product: RCR lasi Tattoo 34 cl 6 kpl, Unit Price: 21,90 €, Comparison Price: 3,65 €/kpl
Product: Iittala Essence juomalasi 35cl 2kpl, Unit Price: 29,50 €, Comparison Price: 14,75 €/kpl
Product: Iittala Essence juomalasit 55cl kirkas 2kpl, Unit Price: 31,50 €, Comparison Price: 15,75 €/kpl
Product: Moomin Arabia Finland Muumi juomalasi 28cl havunvihreä 2kpl, Unit Price: 26,90 €, Comparison Price: 13,45 €/kpl
Product: Iittala Kartio juomalasi 21cl kanerva 2kpl, Unit Price: 16,50 €, Comparison Price: 8,25 €/kpl
Product: Iittala Kastehelmi juomalasi 30cl kirkas 2kpl, Unit Price: 25,50 €, Comparison Price: 12,75 €/kpl
Product: Iittala Aino Aalto juomalasi 33cl ultramariininsininen 2kpl, Unit Price: 19,90 €, Comparison Price: 9,95 €/kpl
Product: Iittala Aino Aalto juomalasi 33cl kirkas 2kpl, Unit Price: 19,90 €, Comparison Price: 9,95 €/kpl
Product: Luminarc juomalasi Amelia 25 cl, Unit Price: 2,90 €, Comparison Price: 
Product: Iittala 22cl Aino Aalto juomalasi 2kpl pellava, Unit Price: 17,90 €, Comparison Price: 8,95 €/kpl
Product: Pesty yleisperuna, Unit Price: 0,09 €, Comparison Price: 0,89 €/kg
Product: Pesty kiinteä peruna, Unit Price: 0,10 €, Comparison Price: 0,95 €/kg
Product: Pesty jauhoinen peruna, Unit Price: 0,09 €, Comparison Price: 0,89 €/kg
Product: Peruna Annabelle, Unit Price: 0,10 €, Comparison Price: 1,29 €/kg
Product: Yleisperuna harjattu, Unit Price: 0,08 €, Comparison Price: 0,75 €/kg
Product: Kotimaista yleisperuna 2 kg, Unit Price: 1,79 €, Comparison Price: 0,90 €/kg
Product: Jauhoinen peruna harjattu, Unit Price: 0,08 €, Comparison Price: 0,75 €/kg
Product: Kotimaista peruna Colomba 1kg, Unit Price: 1,09 €, Comparison Price: 1,09 €/kg
Product: Multa varhaisperuna, Unit Price: 0,50 €, Comparison Price: 4,19 €/kg
Product: Kotimaista arkiperuna 1 kg, Unit Price: 1,09 €, Comparison Price: 1,09 €/kg
Product: Kotimaista jauhoinen peruna 2kg, Unit Price: 1,79 €, Comparison Price: 0,90 €/kg
Product: Kotimaista puikulaperunapussi 1 kg, Unit Price: 1,39 €, Comparison Price: 1,39 €/kg
Product: Kotimaista muusiperuna 1 kg, Unit Price: 1,09 €, Comparison Price: 1,09 €/kg
Product: Kotimaista  kiinteä peruna 2kg, Unit Price: 1,79 €, Comparison Price: 0,90 €/kg
Product: Punakuorinen uuniperuna Suomi HH Tuominen Oy, Unit Price: 0,29 €, Comparison Price: 1,45 €/kg
Product: Pikkuperunat 900g, Unit Price: 1,35 €, Comparison Price: 1,50 €/kg
Product: Lapin Puikula peruna 2kg, Unit Price: 5,29 €, Comparison Price: 2,65 €/kg
Product: Peruna 2 kg Luomu, Unit Price: 3,39 €, Comparison Price: 1,70 €/kg
Product: Peruna Van Gogh 1kg, Unit Price: 1,35 €, Comparison Price: 1,35 €/kg
Product: Kotimaista keittoperuna 1 kg, Unit Price: 1,09 €, Comparison Price: 1,09 €/kg
Product: Peruna 1 kg Luomu, Unit Price: 2,29 €, Comparison Price: 2,29 €/kg
Product: Kotimaista yleisperuna 5kg, Unit Price: 3,99 €, Comparison Price: 0,80 €/kg
Product: Lila tankoparsa 350g, Unit Price: 3,99 €, Comparison Price: 11,40 €/kg
Product: Kasvihuone varhaisperuna, Unit Price: 1,20 €, Comparison Price: 9,99 €/kg
Product: essence ELECTRIC GLOW COLOUR CHANGING LIP & CHEEK OIL väriä vaihtava huuli- ja poskiöljy 4,4 ml, Unit Price: 4,09 €, Comparison Price: 1022,50 €/l
Product: Prodigy Disc Putteri Pa-5 400, Unit Price: 14,95 €, Comparison Price: 
Product: Lumene Luminous Shine Kosteuttava & täyteläistävä huulikiilto 5 Bright Rose 5 ml, Unit Price: 10,50 €, Comparison Price: 210,00 €/l
Product: Coop puolikuivatut kirsikkatomaatit öljyssä 200 g, Unit Price: 2,15 €, Comparison Price: 10,75 €/kg
Product: essence extreme shine volume huulikiilto 5ml, Unit Price: 2,49 €, Comparison Price: 498,00 €/l
Product: Santa Maria Taco Spice Mix Hot Cayenne tulinen mausteseos 28 g, Unit Price: 1,09 €, Comparison Price: 38,93 €/kg
Product: Prodigy Disc Pituusdraiveri  D4 Air Spectrum, Unit Price: 16,95 €, Comparison Price: 
Product: Kotimaista leppäsavukala rypsiöljyssä 150 g/115 g, Unit Price: 2,99 €, Comparison Price: 26,00 €/kg
Product: Banga Savustettu kilohaili öljyssä 100g, Unit Price: 1,55 €, Comparison Price: 15,50 €/kg
Product: Kotimaista kala öljyssä sitruuna & pippuri 150 g/115 g, Unit Price: 2,99 €, Comparison Price: 19,93 €/kg
Product: Pielisen kalajaloste Arkikala öljyssä 150 g/115 g, Unit Price: 2,55 €, Comparison Price: 17,00 €/kg
Product: Old Riga Savustettu kilohaili öljyssä 250g/175g, Unit Price: 4,09 €, Comparison Price: 23,37 €/kg
Product: Coop soija- ja vehnäproteiini hiutaleena sitruuna ja pippuri 100 g, Unit Price: 1,95 €, Comparison Price: 19,50 €/kg
Product: Järki Särki 275/180g luomutomaatti & yrtit, Unit Price: 5,55 €, Comparison Price: 20,18 €/kg
Product: Savustettu kilohaili öljyssä 160/112g, Unit Price: 1,79 €, Comparison Price: 15,98 €/kg
Product: Coop soija- ja vehnäproteiini hiutaleena sriracha 100 g, Unit Price: 1,95 €, Comparison Price: 19,50 €/kg
Product: Pielisen kalajaloste Oy Villikala öljyssä 150 g/115 g, Unit Price: 2,89 €, Comparison Price: 25,13 €/kg
Product: Pielisen kalajaloste Villikala vedessä 150 g/115 g, Unit Price: 2,89 €, Comparison Price: 25,13 €/kg
Product: Kotimaista kala öljyssä paprika & sipuli 150 g/115 g, Unit Price: 2,99 €, Comparison Price: 19,93 €/kg
Product: Epinell Grillattua kilohailia oliiviöljyssä 140 g, Unit Price: 0,92 €, Comparison Price: 10,22 €/kg
Product: Järki Särki 275g/145g savustettu & luomuvalkosipuli, Unit Price: 5,55 €, Comparison Price: 20,18 €/kg
Product: Riipisen Savustettua muikkua öljykastikkeessa 200g, Unit Price: 5,59 €, Comparison Price: 32,88 €/kg
Product: Epinell Grillattua kilohailia lähdevedessä 140 g, Unit Price: 1,85 €, Comparison Price: 20,56 €/kg
Product: Epinell Grillattua kilohailia tomaattikastikkeessa140g, Unit Price: 1,85 €, Comparison Price: 20,56 €/kg
Product: F`SH PEAS Vegan flakes with LEMON PEPPER 140g, Unit Price: 3,75 €, Comparison Price: 35,38 €/kg
Product: Kevyesti savustettua kilohailia chiliöljyssä 120g/84g, Unit Price: 1,95 €, Comparison Price: 16,25 €/kg
Product: Kitkan savumuikku 215g säilyke, Unit Price: 6,79 €, Comparison Price: 31,58 €/kg
Product: F`SH PEAS Vegan ITALIANO salad 175g, Unit Price: 3,75 €, Comparison Price: 27,78 €/kg
Product: Rainbow säilykelohi 170 g, Unit Price: 3,29 €, Comparison Price: 19,35 €/kg
Product: Pielisen kalajaloste Muikkukukko 210 g, Unit Price: 2,72 €, Comparison Price: 12,95 €/kg
Product: Savusiika öljyssä, Unit Price: 5,38 €, Comparison Price: 29,89 €/kg
Product: Icepower Active kylmägeeli 150ml, Unit Price: 3,99 €, Comparison Price: 
Product: Sunnuntai 4x11g kuivahiiva, Unit Price: 1,39 €, Comparison Price: 31,59 €/kg
Product: Sunmed pikakylmäpakkaus 100 g, Unit Price: 1,59 €, Comparison Price: 
Product: Pak Choi 260g Espanja, Unit Price: 1,89 €, Comparison Price: 7,27 €/kg
Product: Hetki Salaattimix 50g, Unit Price: 0,99 €, Comparison Price: 19,80 €/kg
Product: Dansukker Vaniljasokeri 140g, Unit Price: 2,05 €, Comparison Price: 14,64 €/kg
Product: Fairy 500ml Original astianpesuaine, Unit Price: 3,19 €, Comparison Price: 6,38 €/l
Product: Fairy 450ml Clean&Fresh Citrus astianpesuaine, Unit Price: 2,69 €, Comparison Price: 5,98 €/l
Product: Rainbow Sensitive astianpesuaine 500 ml, Unit Price: 1,59 €, Comparison Price: 3,18 €/l
Product: Xtra astianpesuaine 1 l, Unit Price: 1,49 €, Comparison Price: 1,49 €/l
Product: Fairy Max Power Original 450ml astianpesuaine, Unit Price: 3,75 €, Comparison Price: 8,33 €/l
Product: Rainbow Lemon astianpesuaine 500 ml, Unit Price: 1,69 €, Comparison Price: 3,38 €/l
Product: Fairy 1.25L Original astianpesuaine, Unit Price: 6,55 €, Comparison Price: 5,24 €/l
Product: Fairy Max Power Sitruuna 450ml astianpesuaine, Unit Price: 3,75 €, Comparison Price: 8,33 €/l
Product: Rainbow Aloe Vera astianpesuaine 500 ml, Unit Price: 1,69 €, Comparison Price: 3,38 €/l
Product: Fairy platinum astianpesuaine 350 ml, Unit Price: 2,79 €, Comparison Price: 7,97 €/l
Product: Fairy 900ml Original astianpesuaine, Unit Price: 4,99 €, Comparison Price: 5,54 €/l
Product: Fairy 500ml Platinum Original astianpesuaine, Unit Price: 3,79 €, Comparison Price: 7,58 €/l
Product: Fairy Max Power Granaattiomena 450ml astianpesuaine, Unit Price: 3,75 €, Comparison Price: 8,33 €/l
Product: LV 500ml astianpesuaine, Unit Price: 2,75 €, Comparison Price: 5,50 €/l
Product: Ecover Astianpesuneste Sitruuna & Aloe vera 450ml, Unit Price: 2,79 €, Comparison Price: 6,20 €/l
Product: Mayeri 500ml astianpesuaine Cranberry, Unit Price: 1,29 €, Comparison Price: 2,58 €/l
Product: Lumme Omenankukka käsitiskiaine 500ml, Unit Price: 2,65 €, Comparison Price: 5,30 €/l
Product: Ecover Astianpesuneste Greippi & Vihreä tee 450ml, Unit Price: 2,79 €, Comparison Price: 6,20 €/l
Product: Eco Clean käsitiskiaine 500 ml lime, Unit Price: 2,59 €, Comparison Price: 5,18 €/l
Product: Eco Clean 500ml Sitruunamelissa Ast.pesu, Unit Price: 2,59 €, Comparison Price: 5,18 €/l
Product: Heti 500ml Käsitiski, Unit Price: 2,65 €, Comparison Price: 5,30 €/l
Product: Kiilto suihkutettava käsitiskiaine Sitruuna 475 ml, Unit Price: 3,09 €, Comparison Price: 6,51 €/l
Product: Kiilto suihkutettava käsitiskiaine Omena 475 ml, Unit Price: 3,09 €, Comparison Price: 6,51 €/l
Product: Heti 500ml Käsitiski spray bergamotti minttu, Unit Price: 2,99 €, Comparison Price: 5,98 €/l
Product: Riso Scotti valmis musta täysjyväriisi, Unit Price: 1,20 €, Comparison Price: 5,22 €/kg
Product: Rainbow 100g valkosuklaa leivontaan, Unit Price: 1,15 €, Comparison Price: 11,50 €/kg
Product: Rainbow 200g tumma leivontasuklaa, Unit Price: 1,99 €, Comparison Price: 9,95 €/kg
Product: Fazer Tumma leivontasuklaa 200g, Unit Price: 3,79 €, Comparison Price: 18,95 €/kg
Product: Fazer Valkoinen leivontasuklaa 100g, Unit Price: 2,29 €, Comparison Price: 22,90 €/kg
Product: Rainbow 100g tumma leivontasuklaa 70%, Unit Price: 1,39 €, Comparison Price: 13,90 €/kg
Product: Coop maitosuklaarouhe leivontaan 100 g, Unit Price: 1,65 €, Comparison Price: 16,50 €/kg
Product: Da Vinci 180/90g puolikuivattu tomaatti öljyssä, Unit Price: 2,19 €, Comparison Price: 24,33 €/kg
Product: Fazer Premium 70% leivontasuklaa 100g, Unit Price: 2,29 €, Comparison Price: 22,90 €/kg
Product: Coop valkosuklaarouhe leivontaan 100 g, Unit Price: 1,65 €, Comparison Price: 16,50 €/kg
Product: Stahlberg Gourmet Suklaanapit 125 G, Unit Price: 2,15 €, Comparison Price: 17,20 €/kg
Product: Dr. Oetker Maitosuklaanappi leivontaan 100g, Unit Price: 3,49 €, Comparison Price: 34,90 €/kg
Product: Fazer Marianne Crush piparminttusuklaa karamellirouhe 150g, Unit Price: 3,29 €, Comparison Price: 21,93 €/kg
Product: Fazer Taloussuklaa Crush tumma suklaarouhe 120g, Unit Price: 3,85 €, Comparison Price: 32,08 €/kg
Product: Dr. Oetker Tummasuklaanappi leivontaan 100g, Unit Price: 3,49 €, Comparison Price: 34,90 €/kg
Product: Foodin Raakasuklaamassa Dark 100g luomu, Unit Price: 3,99 €, Comparison Price: 39,90 €/kg
Product: Foodin Raakasuklaamassa Dreamy 100g luomu, Unit Price: 3,99 €, Comparison Price: 39,90 €/kg
Product: Dr. Oetker Vaniljakreemi 100 g, Unit Price: 1,95 €, Comparison Price: 19,50 €/kg
Product: Dr. Oetker Vaniljanmakuinen kakkumoussejauhe 130 g, Unit Price: 1,89 €, Comparison Price: 21,00 €/kg
Product: Dr. Oetker Suklaanmakuinen kakkumoussejauhe 130 g, Unit Price: 1,89 €, Comparison Price: 14,54 €/kg
Product: Salliselta Sokerimassa valkoinen 250g, Unit Price: 2,69 €, Comparison Price: 10,76 €/kg
Product: Salliselta Sokerimassa musta 250g, Unit Price: 2,69 €, Comparison Price: 10,76 €/kg
Product: Golden Star Vaniljakreemijauhe 130g, Unit Price: 3,09 €, Comparison Price: 23,77 €/kg
Product: Dr. Oetker Mansikanmakuinen kakkumoussejauhe 130 g, Unit Price: 1,89 €, Comparison Price: 19,69 €/kg
Product: Kindly's Baking mini vaahtokarkit 150 g, Unit Price: 2,69 €, Comparison Price: 17,93 €/kg
Product: Golden Star 400g Vaniljakreemijauhe, Unit Price: 6,15 €, Comparison Price: 15,38 €/kg
Product: Discmania frisbeegolfkiekkosetti Active soft 3 disc set, Unit Price: 12,95 €, Comparison Price: 
Product: Santa Maria Vegetarian Taco Mix Kasvistacotäyte, 65g, Unit Price: 2,39 €, Comparison Price: 36,77 €/kg
Product: Piltti Pohjoisen maut 190g Herukkaiset palat jälkiruoka 8kk, Unit Price: 1,19 €, Comparison Price: 6,26 €/kg
Product: Trinol torjuntatikku, 12 kpl Sticky Bug liima-ansoja, Unit Price: 9,95 €, Comparison Price: 0,83 €/kpl
Product: Rainbow kuoritut tomaatit tomaattimehussa luomu 400/240g, Unit Price: 1,25 €, Comparison Price: 3,13 €/kg
Product: Dr. Oetker Kuivattu hapanjuuri ja hiiva 30g, Unit Price: 1,09 €, Comparison Price: 36,33 €/kg
Product: Maybelline New York Lifter Plump 001 Blush Blaze huulikiilto 5,4ml, Unit Price: 13,90 €, Comparison Price: 2780,00 €/l
Product: Golden Star 100g Vaniljasokeri, Unit Price: 1,59 €, Comparison Price: 15,90 €/kg
Product: Old El Paso 25g Taco Mausteseos Original, Unit Price: 0,99 €, Comparison Price: 39,60 €/kg
Product: essence JUICY BOMB shiny huulikiilto 10 ml, Unit Price: 1,59 €, Comparison Price: 159,00 €/l
Product: Piltti 190g Hedelmäiset palat hedelmäsose 8kk, Unit Price: 1,19 €, Comparison Price: 6,26 €/kg
Product: NIVEA 6pcs Daily Essentials Refining Clear-up Strips puhdistuslaput kasvojen T-alueelle, Unit Price: 5,99 €, Comparison Price: 0,75 €/kpl
Product: LV 75 ml Kuorintavoide kasvoille, Unit Price: 6,45 €, Comparison Price: 86,00 €/l
Product: Lumene PUHDAS Syväpuhdistava kasvokuorinta 75ml, Unit Price: 8,95 €, Comparison Price: 119,33 €/l
Product: Carrefour Soft kasvokuorinta 75 ml, Unit Price: 1,99 €, Comparison Price: 26,53 €/l
Product: L'Oréal Paris Men Expert Hydra Energetic puhdistava kasvojenkuorintageeli 100ml, Unit Price: 7,25 €, Comparison Price: 72,50 €/l
Product: NIVEA 75ml Purify Rice Scrub -kuorintavoide sekaiholle, Unit Price: 8,05 €, Comparison Price: 107,33 €/l
Product: Neutrogena Clear & Defend Facial Scrub kuorintavoide 150 ml, Unit Price: 6,85 €, Comparison Price: 45,67 €/l
Product: Ziaja C.B3 vitamiini heleyttävä rakeeton kuorinta 100 ml, Unit Price: 5,95 €, Comparison Price: 59,50 €/l
Product: Neutrogena Blackhead Eliminating Facial Scrub kuorintavoide 150 ml, Unit Price: 6,85 €, Comparison Price: 45,67 €/l
Product: NIVEA 75ml Smooth Rice Scrub -kasvojenkuorintavoide, Unit Price: 8,95 €, Comparison Price: 119,33 €/l
Product: Ziaja Jeju nuoren ihon mikrokuorinta kasvoille 75ml, Unit Price: 4,95 €, Comparison Price: 66,00 €/l
Product: Mossa syväpuhdistava hiilikuorinta, Unit Price: 11,95 €, Comparison Price: 199,17 €/l
Product: NIVEA 40ml Derma Skin Clear Chemical Exfoliator -kemiallinen kuorintavoide, Unit Price: 9,05 €, Comparison Price: 226,25 €/l
Product: Ziaja sunny mango huulikuorinta 12ml, Unit Price: 5,25 €, Comparison Price: 437,50 €/l
Product: MOSSA Peel & Glow Kuoriva seerumi 30ml, Unit Price: 15,95 €, Comparison Price: 531,67 €/l
Product: NIVEA 150ml Derma Skin Clear Anti-Blemish Scrub -kuorintavoide, Unit Price: 7,35 €, Comparison Price: 49,00 €/l
Product: Core by Dick Johnson kuorintageeli 50 ml, Unit Price: 6,45 €, Comparison Price: 129,00 €/l
Product: Lumene TYYNI Tasapainottava kuorintaneste 150 ml, Unit Price: 14,95 €, Comparison Price: 99,67 €/l
Product: Natuk Hydra Boost 50ml Kuoriva naamio, Unit Price: 18,25 €, Comparison Price: 365,00 €/l
Product: Discmania draiveri Mentor, Unit Price: 7,99 €, Comparison Price: 
Product: Roundup Nurmikon rikkakasvi-esto plus 5,6kg, Unit Price: 29,95 €, Comparison Price: 5,35 €/kg
Product: Tankoparsa valkoinen 250g, Unit Price: 2,88 €, Comparison Price: 11,52 €/kg
Product: Varsiselleri 350 g luomu, Unit Price: 1,79 €, Comparison Price: 5,11 €/kg
Product: Coop maissintähkät 450 g, Unit Price: 1,49 €, Comparison Price: 3,31 €/kg
Product: Lipton Sitruunanmakuinen jääteejuomajauhe 50g, Unit Price: 1,25 €, Comparison Price: 24,04 €/kg
Product: SINI Lattiankuivain Nivelletty 40cm, Unit Price: 21,95 €, Comparison Price: 
Product: Törsleffs makeutettu maitotiiviste 397g, Unit Price: 2,55 €, Comparison Price: 6,42 €/kg
Product: Aino allasputkiharja, Unit Price: 3,19 €, Comparison Price: 
Product: Santa Maria Guacamole Dip Mix Mausteseos 15 g, Unit Price: 1,09 €, Comparison Price: 72,67 €/kg
Product: Rainbow wc-harjasetti reunusharjalla, Unit Price: 3,69 €, Comparison Price: 
Product: Arla Kuohukerma 2 dl Suomi, Unit Price: 1,59 €, Comparison Price: 7,95 €/l
Product: ICE POWER PIKAKYLMÄPAKKAUS SOFT, Unit Price: 4,99 €, Comparison Price: 
Product: Rainbow kylmägeeli 150ml tuubi, Unit Price: 4,99 €, Comparison Price: 
Product: Aino teräväkuivain 35 cm teleskooppivarrella, Unit Price: 14,95 €, Comparison Price: 
Product: Arla Kuohukerma 5 dl Suomi, Unit Price: 3,29 €, Comparison Price: 6,58 €/l
Product: Kotileipojan kuivahiiva 2x12g, Unit Price: 0,85 €, Comparison Price: 35,42 €/kg
Product: Sini Vaihtoharja nurkkamallin wc-harjaan, Unit Price: 3,49 €, Comparison Price: 
Product: House silikonisuti 25cm 21153427, Unit Price: 4,50 €, Comparison Price: 
Product: Esik. Maissi 400g Luomu, Unit Price: 2,69 €, Comparison Price: 6,73 €/kg
Product: Rainbow mustaherukkahillo 400 g, Unit Price: 2,69 €, Comparison Price: 6,73 €/kg
Product: Xtra tacomausteseos 30 g, Unit Price: 0,32 €, Comparison Price: 
Product: SINI Teräväkuivain 35cm, Unit Price: 9,90 €, Comparison Price: 
Product: Sini kylpyhuonepesin 23cm, Unit Price: 20,90 €, Comparison Price: 
Product: Liha Enchilada 140g, Unit Price: 3,49 €, Comparison Price: 26,85 €/kg
Product: Vileda Super Grip talouskäsine koko M, Unit Price: 2,99 €, Comparison Price: 2,99 €/pr
Product: Taffel Raffel sipsi 235g, Unit Price: 2,59 €, Comparison Price: 11,02 €/kg
Product: Taffel Hearts maissisipsi 235g, Unit Price: 3,09 €, Comparison Price: 13,15 €/kg
Product: Taffel Hot Rod sipsi 235g, Unit Price: 3,09 €, Comparison Price: 13,15 €/kg
Product: Taffel Hearts maissisipsi 60g, Unit Price: 1,19 €, Comparison Price: 19,83 €/kg
Product: Estrella Linssisipsi Ranch 110g, Unit Price: 2,69 €, Comparison Price: 24,45 €/kg
Product: Laatupaakarin Gluteeniton Luomu Maissinaksuja 90g, Unit Price: 2,25 €, Comparison Price: 25,00 €/kg
Product: Estrella Linssisipsi Kermaviili & Sipuli 110g, Unit Price: 2,69 €, Comparison Price: 24,45 €/kg
Product: Oikia Oatis Merisuola kauranaksu 150g, Unit Price: 1,99 €, Comparison Price: 13,27 €/kg
Product: Taffel Hot Rod sipsi 115g, Unit Price: 1,89 €, Comparison Price: 16,43 €/kg
Product: Taffel Krunts American sourcream maustettu maissisipsi 200g, Unit Price: 3,09 €, Comparison Price: 15,45 €/kg
Product: Taffel Snack Fries bbq maustettu sipsi 235g, Unit Price: 3,09 €, Comparison Price: 13,15 €/kg
Product: Santa Maria 100G Supreme Cheese Potato Pops sipsi, Unit Price: 2,15 €, Comparison Price: 21,50 €/kg
Product: Santa Maria 100G Sea Salt & Butter Potato Pops sipsi, Unit Price: 2,15 €, Comparison Price: 21,50 €/kg
Product: Weekend Snacks Perunasnacks Sour Cream & Onion 180g, Unit Price: 2,89 €, Comparison Price: 16,06 €/kg
Product: Santa Maria 100G Sour Cream & Onion Lentil Pops linssisipsi, Unit Price: 2,15 €, Comparison Price: 21,50 €/kg
Product: Santa Maria 100G Sweet Chili Potato Pops sipsi, Unit Price: 2,15 €, Comparison Price: 21,50 €/kg
Product: Santa Maria 100G Jalapeño Cheese Potato Pops sipsi, Unit Price: 2,15 €, Comparison Price: 21,50 €/kg
Product: Weekend Snacks Weekend Mix Maustettu snacks-sekoitus 180g, Unit Price: 2,89 €, Comparison Price: 16,06 €/kg
Product: Coop Cheese Wheels juustonmakuiset perunasnacksit 200 g, Unit Price: 1,89 €, Comparison Price: 9,45 €/kg
Product: Estrella Super Snack Mix Suolattu Perunasnaksi 175g, Unit Price: 2,99 €, Comparison Price: 17,09 €/kg
Product: Weekend Snacks 3in1 Hummus-Linssi-Quinoa-sipsisekoitus, Juusto Jalapeño, 90g, Unit Price: 2,49 €, Comparison Price: 27,67 €/kg
Product: Progidy Disc 3 kiekon aloittelijapakkaus, Unit Price: 19,95 €, Comparison Price: 
Product: Valio Tuuti® 2 maitopohjainen vieroitusvalmiste 200 ml UHT, Unit Price: 0,69 €, Comparison Price: 3,45 €/l
Product: Valio Tuuti® 2 maitopohjainen vieroitusvalmiste 1 l UHT, Unit Price: 2,59 €, Comparison Price: 2,59 €/l
Product: Valio Tuuti® 1 maitopohjainen äidinmaidonkorvike 200 ml UHT, Unit Price: 0,69 €, Comparison Price: 3,45 €/l
Product: Valio Tuuti® 1 maitopohjainen äidinmaidonkorvike 1 l UHT, Unit Price: 2,59 €, Comparison Price: 2,59 €/l
Product: Arla Little Baby 2 200 ml Luomu UHT maitopohjainen vieroitusvalmiste käyttövalmis, Unit Price: 0,75 €, Comparison Price: 3,75 €/l
Product: Arla Little Baby 2 500 ml Luomu maitopohjainen vieroitusvalmiste UHT käyttövalmis, Unit Price: 1,79 €, Comparison Price: 3,58 €/l
Product: Nestlé Nan 200ml Pro 2 maitopohjainen käyttövalmis vierotusvalmiste, Unit Price: 0,79 €, Comparison Price: 3,95 €/l
Product: Nestlé Nan 1000ml Pro 2 maitopohjainen käyttövalmis vierotusvalmiste, Unit Price: 2,79 €, Comparison Price: 2,79 €/l
Product: Nestlé Nan 500ml Pro 2 maitopohjainen käyttövalmis vierotusvalmiste, Unit Price: 1,75 €, Comparison Price: 3,50 €/l
Product: Arla Little Baby 1 500 ml Luomu maitopohjainen äidinmaidonkorvike UHT käyttövalmis, Unit Price: 1,79 €, Comparison Price: 3,58 €/l
Product: Arla Little Baby 1 200 ml  Luomu maitopohjainen käyttövalmis UHT äidinmaidonkorvike, Unit Price: 0,75 €, Comparison Price: 3,75 €/l
Product: Nestlé Nan 200ml HA 2 maitopohjainen käyttövalmis vieroitusvalmiste, Unit Price: 0,93 €, Comparison Price: 4,65 €/l
Product: Nestlé NAN PRO 1 Äidinmaidonkorvike 1000ml, Unit Price: 2,79 €, Comparison Price: 2,79 €/l
Product: Nestlé NAN PRO 1 Äidinmaidonkorvike 500ml, Unit Price: 1,75 €, Comparison Price: 3,50 €/l
Product: Nestlé NAN PRO 1 Äidinmaidonkorvike 200ml, Unit Price: 0,79 €, Comparison Price: 3,95 €/l
Product: Nestlé Nan 200ml HA 1 maitopohjainen käyttövalmis äidinmaidonkorvike, Unit Price: 0,93 €, Comparison Price: 4,65 €/l
Product: 6x Nestlé Nan 200ml Pro 2 maitopohjainen käyttövalmis vierotusvalmiste, Unit Price: 4,74 €, Comparison Price: 3,95 €/l
Product: Semper BabySemp 2 200ml käyttövalmis maitopohjainen vieroitusvalmiste alkaen 6kk, Unit Price: 0,79 €, Comparison Price: 3,95 €/l
Product: 6x Nestlé NAN PRO 1 Äidinmaidonkorvike 200ml, Unit Price: 4,74 €, Comparison Price: 3,95 €/l
Product: Semper BabySemp1 200ml käyttövalmis maitopohjainen äidinmaidonkorvike syntymästä alkaen, Unit Price: 0,79 €, Comparison Price: 3,95 €/l
Product: Nestlé NAN PRO 3 Pikkulasten maitojuoma 1000ml, Unit Price: 2,79 €, Comparison Price: 2,79 €/l
Product: Tummeli 150ml Kylmägeeli, Unit Price: 5,80 €, Comparison Price: 38,67 €/l
Product: Santa Maria 28G Chili & Lime Taco Spice Mix, Unit Price: 1,49 €, Comparison Price: 53,21 €/kg
Product: Aino kuurausharja keinokuitu, Unit Price: 1,95 €, Comparison Price: 
Product: SINI Kylppäriharja, Unit Price: 11,95 €, Comparison Price: 
Product: Old El Paso 45g Cheddar Dip Mix, Unit Price: 0,79 €, Comparison Price: 17,56 €/kg
Product: House tyllasetti 5 kpl, Unit Price: 5,80 €, Comparison Price: 1,16 €/kpl
Product: essence HEART CORE fruity lip balm 05 Bold Blackberry 3 g, Unit Price: 1,99 €, Comparison Price: 663,33 €/kg
Product: Valio Luomu™ kuohukerma 2 dl laktoositon, Unit Price: 1,49 €, Comparison Price: 7,45 €/l
Product: Rainbow Aloe Vera astianpesuaine 500 ml, Unit Price: 1,69 €, Comparison Price: 3,38 €/l
Product: House haarukkavatkain, Unit Price: 3,90 €, Comparison Price: 
Product: Lipton 150g Classic Earl Grey musta irtotee, Unit Price: 3,55 €, Comparison Price: 23,67 €/kg
Product: Valio Keittiön kuohukerma 3,3 dl laktoositon, Unit Price: 2,69 €, Comparison Price: 8,15 €/l
Product: Royal 330/200g aurinkokuivattu tomaattisuikale öljyssä, Unit Price: 3,79 €, Comparison Price: 18,95 €/kg
Product: Risella Riisi-ohraseos 800g, Unit Price: 1,25 €, Comparison Price: 1,56 €/kg
Product: Lehtikaali 200g, Unit Price: 1,59 €, Comparison Price: 7,95 €/kg
Product: Clash Discs pituusdriveri Vanilla steady, Unit Price: 19,90 €, Comparison Price: 
Product: Sini Wc-harja reunusharjalla, Unit Price: 8,79 €, Comparison Price: 
Product: Golden Star Leivinjauhe 700g, Unit Price: 4,95 €, Comparison Price: 7,07 €/kg
Product: Rainbow aurinkokuivatut tomaatit kuutioina öljyssä 285/145 g, Unit Price: 2,35 €, Comparison Price: 16,21 €/kg
Product: Sini WC-harja nurkkamalli, Unit Price: 4,95 €, Comparison Price: 
Product: Nestlé 333g Lemontea teejuomajauhe, Unit Price: 1,39 €, Comparison Price: 4,17 €/kg
Product: Meira Mustapippuri rouhittu 27g, Unit Price: 1,09 €, Comparison Price: 40,37 €/kg
Product: Meira Mustapippuri kokonainen 60g, Unit Price: 2,19 €, Comparison Price: 36,50 €/kg
Product: Meira Mustapippuri rouhittu 65g, Unit Price: 2,45 €, Comparison Price: 37,69 €/kg
Product: Xtra mustapippuri kokonainen 100 g, Unit Price: 1,24 €, Comparison Price: 12,40 €/kg
Product: Meira Valkopippuri jauhettu 31g, Unit Price: 1,65 €, Comparison Price: 53,23 €/kg
Product: Meira Mustapippuri kokonainen 27g, Unit Price: 1,09 €, Comparison Price: 40,37 €/kg
Product: Meira Sitruunapippuri ei lisättyä suolaa 32g, Unit Price: 0,95 €, Comparison Price: 29,69 €/kg
Product: Meira Mustapippuri jauhettu 25g, Unit Price: 1,09 €, Comparison Price: 43,60 €/kg
Product: Xtra mustapippurirouhe 80 g, Unit Price: 1,91 €, Comparison Price: 23,88 €/kg
Product: Meira Mustapippuri rouhittu 35g, Unit Price: 2,29 €, Comparison Price: 65,43 €/kg
Product: Meira Maustepippuri kokonainen 20g, Unit Price: 1,15 €, Comparison Price: 57,50 €/kg
Product: Meira Sitruunapippuri 95g, Unit Price: 1,99 €, Comparison Price: 20,95 €/kg
Product: Santa Maria kokonainen Mustapippuri,  pussi 22g, Unit Price: 1,15 €, Comparison Price: 52,27 €/kg
Product: Meira Maustepippuri jauhettu 25g, Unit Price: 1,25 €, Comparison Price: 50,00 €/kg
Product: Santa Maria Rouhittu Mustapippuri, pussi 65g, Unit Price: 2,59 €, Comparison Price: 39,85 €/kg
Product: Meira Mustapippuri jauhettu 32g, Unit Price: 2,45 €, Comparison Price: 76,56 €/kg
Product: Golden Star 400g Mustapippuri kokonainen, Unit Price: 8,29 €, Comparison Price: 20,73 €/kg
Product: Golden Star 370g Mustapippurirouhe, Unit Price: 8,69 €, Comparison Price: 23,49 €/kg
Product: Meira Mustapippuri aromikas mylly 49g, Unit Price: 4,25 €, Comparison Price: 86,73 €/kg
Product: Meira Maustepippuri kokonainen 50g, Unit Price: 2,35 €, Comparison Price: 47,00 €/kg
Product: Meira Luomu mustapippuri rouhittu Reilu kauppa 35g, Unit Price: 3,35 €, Comparison Price: 95,71 €/kg
Product: Meira Valkopippuri kokonainen 34g, Unit Price: 1,95 €, Comparison Price: 65,00 €/kg
Product: Meira Valkopippuri jauhettu 38g, Unit Price: 2,89 €, Comparison Price: 76,05 €/kg
Product: Meira Rosépippuri kokonainen 15g, Unit Price: 1,25 €, Comparison Price: 83,33 €/kg
Product: Sini Nysväri, Unit Price: 6,79 €, Comparison Price: 
Product: Kotimaista pakattu kiinankaali, Unit Price: 2,00 €, Comparison Price: 4,99 €/kg
Product: Myllyn Paras Irtonainen Riisi+Ohra 1 kg, Unit Price: 2,49 €, Comparison Price: 2,49 €/kg
Product: Xtra wc-harja, Unit Price: 2,75 €, Comparison Price: 
Product: Fynbo Gourmet aprikoosihillo 215g, Unit Price: 1,74 €, Comparison Price: 8,09 €/kg
Product: Mutti San Marzano kokonaiset kuoritut tomaatit 400g, Unit Price: 2,65 €, Comparison Price: 10,19 €/kg
Product: Discmania putteri Active Sensei, Unit Price: 7,99 €, Comparison Price: 
Product: Xtra leivinjauhe 225 g, Unit Price: 1,28 €, Comparison Price: 5,69 €/kg
Product: Rainbow 10x11g kuivahiiva, Unit Price: 2,25 €, Comparison Price: 20,45 €/kg
Product: Kana Enchilada 140g, Unit Price: 3,49 €, Comparison Price: 26,85 €/kg
Product: Coop aprikoosihillo 370 g, Unit Price: 1,45 €, Comparison Price: 3,92 €/kg
Product: St. Dalfour Mango-passionhedelmähillo 284g, Unit Price: 2,79 €, Comparison Price: 9,82 €/kg
Product: Xtra astianpesuaine 1 l, Unit Price: 1,49 €, Comparison Price: 1,49 €/l
Product: Xtra mango kuutioina 500 g pakaste, Unit Price: 2,25 €, Comparison Price: 4,50 €/kg
Product: Coop mangokuutiot 250 g pakaste, Unit Price: 2,09 €, Comparison Price: 8,36 €/kg
Product: Coop granaattiomenan siemenet 250 g pakaste, Unit Price: 2,25 €, Comparison Price: 9,00 €/kg
Product: Rainbow 250g ananaspala pakaste, Unit Price: 2,19 €, Comparison Price: 8,76 €/kg
Product: Coop ananaspalat 250 g pakaste, Unit Price: 2,25 €, Comparison Price: 9,00 €/kg
Product: Mutti kirsikkatomaatit 400g, Unit Price: 1,00 €, Comparison Price: 4,17 €/kg
Product: Smokey Spice Mix - Savuinen mausteseos, jossa savustettua paprikaa, chiliä ja kuminaa., Unit Price: 0,50 €, Comparison Price: 20,83 €/kg
Product: House keittiövaaka 14024413, valkoinen, Unit Price: 15,90 €, Comparison Price: 
Product: Fynbo Gourmet mustaherukkahillo 215g, Unit Price: 2,39 €, Comparison Price: 11,12 €/kg
Product: Fontana Aurinkokuivattu tomaatti 180g Hienonnettu, Unit Price: 2,99 €, Comparison Price: 16,61 €/kg
Product: Discraft Ultra Star Ultimatekiekko, Unit Price: 11,95 €, Comparison Price: 
Product: Icepower Roll kylmägeeli roll-tuubi, Unit Price: 9,99 €, Comparison Price: 
Product: Discmania frisbeegolfkiekko Putter Active Shogun, Unit Price: 4,00 €, Comparison Price: 
Product: Progidy Disc lähestymiskiekko A2 400, Unit Price: 14,95 €, Comparison Price: 
Product: essence what the fake! EXTREME PLUMPING LIP FILLER 02 Ice Ice Baby! 4.2 ml, Unit Price: 3,69 €, Comparison Price: 922,50 €/l
Product: Lumene Luminous Shine Kosteuttava & täyteläistävä huulikiilto 4 Peach Pink 5 ml, Unit Price: 10,50 €, Comparison Price: 210,00 €/l
Product: Pizzataikina, Unit Price: 3,30 €, Comparison Price: 11,00 €/kg
Product: Fresh SalaattiMestari Kana-gyros flatbread wrap 10 x n.165g GN1/2, Unit Price: 2,49 €, Comparison Price: 15,09 €/kg
Product: Meritalo Suomalainen Mustikkahillo 410g, Unit Price: 3,59 €, Comparison Price: 8,76 €/kg
Product: Meira Vaniljasokeri 40g, Unit Price: 1,39 €, Comparison Price: 34,75 €/kg
Product: Dr. Oetker Nopea pizzahiiva 26g, Unit Price: 1,09 €, Comparison Price: 41,92 €/kg
Product: Fairy Max Power Sitruuna 450ml astianpesuaine, Unit Price: 3,75 €, Comparison Price: 8,33 €/l
Product: Discmania putteri Originals D-line P1 Flex 2, Unit Price: 12,95 €, Comparison Price: 
Product: Tankoparsa vihreä 250g luomu, Unit Price: 2,59 €, Comparison Price: 10,36 €/kg
Product: Multi Blond super raita-aine, Unit Price: 3,15 €, Comparison Price: 
Product: Lumme Omenankukka käsitiskiaine 500ml, Unit Price: 2,65 €, Comparison Price: 5,30 €/l
Product: Rainbow Chalkidiki kreikkalaiset kivettömät oliivit 350/185 g, Unit Price: 0,82 €, Comparison Price: 4,43 €/kg
Product: Herkkumaa Omenahillo 460g, Unit Price: 2,75 €, Comparison Price: 5,98 €/kg
Product: St. Dalfour Aprikoosihillo 284g, Unit Price: 3,04 €, Comparison Price: 10,70 €/kg
Product: Coop kokonaiset kirsikkatomaatit 400 g, Unit Price: 1,15 €, Comparison Price: 2,87 €/kg
Product: Fairy 450ml Clean&Fresh Citrus astianpesuaine, Unit Price: 2,69 €, Comparison Price: 5,98 €/l
Product: Pizzakit, Unit Price: 7,90 €, Comparison Price: 
Product: Sunmed urheiluteippi 3,8 cm x 10 m SMD, Unit Price: 3,99 €, Comparison Price: 
Product: Sunmed kinesioteippi 5 cm x 5 m beige, Unit Price: 5,29 €, Comparison Price: 
Product: Sunmed urheiluteippi 2,5 cm x 10 m, Unit Price: 2,99 €, Comparison Price: 
Product: Sunmed kinesioteippi 5 cm x 5 m musta, Unit Price: 5,29 €, Comparison Price: 
Product: Sunmed urheiluteippi 3,8 cm x 10 m camo vihreä, Unit Price: 3,99 €, Comparison Price: 
Product: Sunmed kinesioteippi 5 cm x 5 m sininen, Unit Price: 5,29 €, Comparison Price: 
Product: Sunmed itsekiinnittyvä tukiside 7,5 cm x 4,5 m musta, Unit Price: 3,99 €, Comparison Price: 
Product: Sunmed kinesioteippi 5 cm x 5 m pinkki, Unit Price: 5,29 €, Comparison Price: 
Product: Sunmed kinesioteippi 5 cm x 5 m camo vihreä, Unit Price: 5,99 €, Comparison Price: 
Product: KT-Tape Original kinesioteippi 5m, beige, Unit Price: 15,95 €, Comparison Price: 
Product: Sunmed itsekiinnittyvä tukiside 7,5 cm x 4,5 m turkoosi, Unit Price: 3,99 €, Comparison Price: 
Product: KT-Tape Original kinesioteippi 5m, musta, Unit Price: 15,95 €, Comparison Price: 
Product: KT-Tape Original kinesioteippi 5m, sininen, Unit Price: 15,95 €, Comparison Price: 
Product: Sunmed itsekiinnittyvä tukiside 7,5 cm x 4,5 m camo vihreä, Unit Price: 3,99 €, Comparison Price: 
Product: KT-Tape Original kinesioteippi 5m, pinkki, Unit Price: 15,95 €, Comparison Price: 
Product: Sunmed itsekiinnittyvä tukiside 7,5 cm x 4,5 m camo pinkki, Unit Price: 3,99 €, Comparison Price: 
Product: House pyykkipojat 20 kpl ja pyykkinaru 20 m, Unit Price: 3,90 €, Comparison Price: 
Product: Arla Lempi Kuohukerma luomu 2 dl, Unit Price: 1,45 €, Comparison Price: 7,25 €/l
Product: GoGreen Vihreät Linssit  380g, Unit Price: 1,55 €, Comparison Price: 6,74 €/kg
Product: Pekan Leipä Halkomunkki 2kpl 200g, Unit Price: 4,39 €, Comparison Price: 21,95 €/kg
Product: Aino solukumilasta nivelvarsi, Unit Price: 9,95 €, Comparison Price: 
Product: Urtekram Luomu Matcha-teejauhe 50g, Unit Price: 7,99 €, Comparison Price: 159,80 €/kg
Product: Rainbow aurinkokuivattu tomaatti öljyssä luomu 190/95 g, Unit Price: 2,39 €, Comparison Price: 25,16 €/kg
Product: Fenkoli, Unit Price: 1,04 €, Comparison Price: 5,19 €/kg
Product: Rainbow kuurausharja unionkuitu 37, Unit Price: 2,89 €, Comparison Price: 
Product: Coop leikatut vihreät pavut 400/225 g, Unit Price: 0,99 €, Comparison Price: 4,40 €/kg
Product: Lucien Georgelin 150g Viikunahilloke, Unit Price: 2,79 €, Comparison Price: 18,60 €/kg
Product: House elektroninen keittiövaaka pinkki, Unit Price: 10,50 €, Comparison Price: 
Product: Rainbow aurinkokuivatut tomaatit puolikkaina öljyssä 285/145 g, Unit Price: 2,15 €, Comparison Price: 14,83 €/kg
Product: Rainbow 250G munanuudeli, Unit Price: 1,19 €, Comparison Price: 4,76 €/kg
Product: Muuti luomu banaani päärynä omena riisiproteiini smoothie 110g 12kk, Unit Price: 1,15 €, Comparison Price: 10,45 €/kg
Product: Kasvis Enchilada 140g, Unit Price: 3,29 €, Comparison Price: 25,31 €/kg
Product: VegOnTable 200g Aurinkokuivattu tomaatti suikale, Unit Price: 2,49 €, Comparison Price: 24,90 €/kg
Product: Comfort Sunfresh Huuhteluaine Mieto ja puhdas tuoksu 762 ml 42 pesua, Unit Price: 2,79 €, Comparison Price: 3,66 €/l
Product: Saarioinen Omenahillo 500g, Unit Price: 3,25 €, Comparison Price: 6,50 €/kg
Product: Gaea Kalamata oliivi kivetön 290/160g, Unit Price: 3,65 €, Comparison Price: 22,12 €/kg
Product: Haricot papu 150g, Unit Price: 2,29 €, Comparison Price: 15,27 €/kg
Product: Sini kaakeliharja, Unit Price: 9,49 €, Comparison Price: 
Product: House nostohihnat, Unit Price: 5,99 €, Comparison Price: 
Product: House kaavin, Unit Price: 2,80 €, Comparison Price: 
Product: Meira Ruokasooda 125g, Unit Price: 0,89 €, Comparison Price: 7,12 €/kg
Product: essence JUICY BOMB shiny huulikiilto 10 ml, Unit Price: 1,59 €, Comparison Price: 159,00 €/l
Product: essence extreme shine volume huulikiilto 5ml, Unit Price: 2,49 €, Comparison Price: 498,00 €/l
Product: Rainbow talouskäsineet M-koko, Unit Price: 0,50 €, Comparison Price: 
Product: Päivänsäde Herkkuoliivi vihreä kivetön vähäsuolainen 300g/130g, Unit Price: 2,29 €, Comparison Price: 17,62 €/kg
Product: Digestive Classic keksi 400g, Unit Price: 2,45 €, Comparison Price: 6,13 €/kg
Product: essence what the fake! PLUMPING LIP FILLER huulikiilto 4,2 ml, Unit Price: 3,69 €, Comparison Price: 
Product: Maybelline New York Lifter Plump 004 Red Flag  huulikiilto 5,4ml, Unit Price: 13,90 €, Comparison Price: 2780,00 €/l
Product: Meira Ruokasooda 50g, Unit Price: 0,39 €, Comparison Price: 7,80 €/kg
Product: Golden Star 850g Ruokasooda, Unit Price: 2,99 €, Comparison Price: 3,52 €/kg
Product: Heinz Valkoisia papuja tomaattikastikkeessa 415g, Unit Price: 2,25 €, Comparison Price: 5,42 €/kg
Product: Sini vaihtorulla teippiharjaan 2-pack, Unit Price: 4,25 €, Comparison Price: 2,13 €/kpl
Product: Rainbow WC-harjasetti, Unit Price: 1,75 €, Comparison Price: 
Product: Luminarc juomalasi Amelia 25 cl, Unit Price: 2,90 €, Comparison Price: 
Product: DeliDeli 190g säilötyt sitruunat, Unit Price: 7,45 €, Comparison Price: 39,21 €/kg
Product: Rainbow sinkki 15mg ravintolisä 66 g/120 purutablettia mansikan ja vadelman makuinen, Unit Price: 3,99 €, Comparison Price: 0,03 €/kpl
Product: Makrobios sinkkisitraatti 15 mg 100 tablettia 35g, Unit Price: 4,20 €, Comparison Price: 0,04 €/kpl
Product: Sana-sol sinkki 15mg - C-vitamiini 1000mg appelsiininmakuinen sinkki-C-vitamiiniporetabletti ravintolisä 20 poretablettia, Unit Price: 4,19 €, Comparison Price: 0,21 €/kpl
Product: Vitabalans sinkki Zn 90 tabl., mansikan ja vadelman makuinen purutabletti, Unit Price: 5,95 €, Comparison Price: 0,07 €/kpl
Product: Puhdistamo Tripla Sinkki + C 25 mg 60 kapselia, Unit Price: 10,49 €, Comparison Price: 0,17 €/kpl
Product: Sana-sol Sinkki+C-vitamiini tabletti ravintolisä 200tabl, Unit Price: 8,59 €, Comparison Price: 0,04 €/kpl
Product: Sana-sol Sinkkiasetaatti+C&D-vitamiini Mentoli imeskelytabletti ravintolisä 100tabl/120g, Unit Price: 9,29 €, Comparison Price: 0,09 €/kpl
Product: Vitatabs Sinkki sinkkisitraatti-C-vitamiinitabletti 120 tabl, Unit Price: 5,85 €, Comparison Price: 0,05 €/kpl
Product: Vida ravintolisävalmiste sinkki 25 mg + B6-vitamiini 120 tablettia/ 26 g, Unit Price: 8,95 €, Comparison Price: 0,07 €/kpl
Product: Puhdistamo Tripla Sinkki + C 25 mg 120 kapselia, Unit Price: 18,75 €, Comparison Price: 0,16 €/kpl
Product: Vire Sinkki + C-vitamiinivalmiste Sinkki 25 mg + C-vitamiini 100 tabl / 21 g, Unit Price: 6,95 €, Comparison Price: 0,07 €/kpl
Product: Vitatabs Sinkkiasetaatti sinkkitabletti lakritsi 60 tabl, Unit Price: 5,80 €, Comparison Price: 0,10 €/kpl
Product: Puhdas+ Tuplasinkki 25mg 22g/60kaps, Unit Price: 8,70 €, Comparison Price: 0,14 €/kpl
Product: Reformi Sinkki+C poretabletti mansikka 20tabl 90g ravintolisä, Unit Price: 6,20 €, Comparison Price: 0,31 €/kpl
Product: Vida Tripla Sinkki 25 mg + Kupari, C & B6 ravintolisä 120 kaps / 60 g, Unit Price: 16,39 €, Comparison Price: 0,14 €/kpl
Product: Vitatabs Sinkkiasetaatti sinkkitabletti mentoli-freshmint 60 tabl, Unit Price: 5,80 €, Comparison Price: 0,10 €/kpl
Product: Vida ravintolisävalmiste sinkki-asetaatti imesketävä sitruuna-inkivääri 63 tabettial / 54 g, Unit Price: 8,95 €, Comparison Price: 0,14 €/kpl
Product: Teho Sinkkiasetaatti 50 tabl. imeskelytabletti spearmint, Unit Price: 6,10 €, Comparison Price: 0,12 €/kpl
Product: Puhdas+ Tuplasinkki 25mg 120 kaps, Unit Price: 14,95 €, Comparison Price: 0,12 €/kpl
Product: Puhdas+ Sinkki&Echina&C-vitamiinisuihke 20ml, Unit Price: 13,80 €, Comparison Price: 690,00 €/l
Product: Hyvän Olon Echina-Sinkkiasetaatti-C-vitamiini 60 tabl Via Naturale, Unit Price: 6,80 €, Comparison Price: 0,11 €/kpl
Product: Discmania kiekkosetti Evolution, Unit Price: 29,95 €, Comparison Price: 
Product: Xtra Digestive täysjyvävehnäkeksi 400g, Unit Price: 0,65 €, Comparison Price: 1,63 €/kg
Product: essence extreme shine volume huulikiilto 5 ml, Unit Price: 2,49 €, Comparison Price: 498,00 €/l
Product: Multa varhaisperuna, Unit Price: 0,24 €, Comparison Price: 1,99 €/kg
Product: Kotimaista peruna Colomba 1kg, Unit Price: 1,09 €, Comparison Price: 1,09 €/kg
Product: Urtekram Luomu Mustapapu suolavedessä  400/240g, Unit Price: 1,14 €, Comparison Price: 4,75 €/kg
Product: Kotimaista arkiperuna 1 kg, Unit Price: 1,09 €, Comparison Price: 1,09 €/kg
Product: Meritalo Suomalainen Raparperihillo 410g, Unit Price: 3,05 €, Comparison Price: 7,44 €/kg
Product: Makeup Revolution Shimmer Bomb Glimmer huulikiilto 4,5ml, Unit Price: 7,95 €, Comparison Price: 1590,00 €/l
Product: Starter lyhyt rannenauha musta, Unit Price: 5,45 €, Comparison Price: 
Product: Fairy 900ml Original astianpesuaine, Unit Price: 4,99 €, Comparison Price: 5,54 €/l
Product: Heti 500ml Käsitiski spray bergamotti minttu, Unit Price: 2,99 €, Comparison Price: 5,98 €/l
Product: Nordqvist Japan Sencha Luomutee 80g, Unit Price: 5,05 €, Comparison Price: 63,13 €/kg
Product: House keittiötyövälinesetti 3 kpl, Unit Price: 7,95 €, Comparison Price: 2,65 €/kpl
Product: Dole Omenaa ja kanelia sisältävä kasvipohjainen kreemi hedelmävälipala makeutusaineella 4x123g, Unit Price: 4,95 €, Comparison Price: 10,06 €/kg
Product: Starter lyhyt rannenauha pinkki, Unit Price: 5,45 €, Comparison Price: 
Product: Suomen Lämpömittari ruokalämpömittari 4016, Unit Price: 36,50 €, Comparison Price: 
Product: Kotimaista keittoperuna 1 kg, Unit Price: 1,09 €, Comparison Price: 1,09 €/kg
Product: Fynbo inkiväärihillo 385g, Unit Price: 2,49 €, Comparison Price: 6,47 €/kg
Product: Piltti Pohjoisen maut 190g Marjaisat palat marja- ja hedelmäsose 8kk, Unit Price: 1,29 €, Comparison Price: 6,79 €/kg
Product: Royal 330/200g aurinkokuivattu tomaattikuutio basilikaöljyssä, Unit Price: 3,79 €, Comparison Price: 18,95 €/kg
Product: Discmania draiveri Mentor, Unit Price: 7,99 €, Comparison Price: 
Product: Rainbow Lemon astianpesuaine 500 ml, Unit Price: 1,69 €, Comparison Price: 3,38 €/l
Product: Risella Riisi-moniviljaseos 800g, Unit Price: 2,29 €, Comparison Price: 2,86 €/kg
Product: Forsman tea Anti-Stress maustettu yrttitee 60 g, Unit Price: 3,60 €, Comparison Price: 60,00 €/kg
Product: Peruna Van Gogh 1kg, Unit Price: 1,35 €, Comparison Price: 1,35 €/kg
Product: Tankoparsa vihreä 500g, Unit Price: 3,59 €, Comparison Price: 7,18 €/kg
Product: Munakoiso 225g, Unit Price: 1,19 €, Comparison Price: 5,29 €/kg
Product: Coop maissintähkät 450 g, Unit Price: 1,89 €, Comparison Price: 4,20 €/kg
Product: Purjo, Unit Price: 0,42 €, Comparison Price: 2,79 €/kg
Product: Rainbow Manzanilla vihreät kivettämöt oliivit 235/113 g, Unit Price: 1,18 €, Comparison Price: 10,44 €/kg
Product: Esik. Maissi 400g Luomu, Unit Price: 2,69 €, Comparison Price: 6,73 €/kg
Product: Varsiselleri 400 g, Unit Price: 1,19 €, Comparison Price: 2,97 €/kg
Product: Hetki Pinaatti 50g, Unit Price: 0,99 €, Comparison Price: 19,80 €/kg
Product: Tankoparsa vihreä 250g luomu, Unit Price: 2,59 €, Comparison Price: 10,36 €/kg
Product: Hetki Rucola 50g, Unit Price: 0,99 €, Comparison Price: 19,80 €/kg
Product: Tankoparsa valkoinen 250g, Unit Price: 2,88 €, Comparison Price: 11,52 €/kg
Product: Tankoparsa vihreä 250 g, Unit Price: 5,39 €, Comparison Price: 21,56 €/kg
Product: Lehtikaali 200g, Unit Price: 1,59 €, Comparison Price: 7,95 €/kg
Product: Lila tankoparsa 350g, Unit Price: 3,99 €, Comparison Price: 11,40 €/kg
Product: Fenkoli, Unit Price: 1,04 €, Comparison Price: 5,19 €/kg
Product: Varsiselleri 350 g luomu, Unit Price: 1,79 €, Comparison Price: 5,11 €/kg
Product: Munakoiso Suomi, Unit Price: 1,40 €, Comparison Price: 6,99 €/kg
Product: Vaanelan raparperi 500 g, Unit Price: 3,59 €, Comparison Price: 7,18 €/kg
Product: Hetki Salaattimix 50g, Unit Price: 0,99 €, Comparison Price: 19,80 €/kg
Product: Pak Choi 260g Espanja, Unit Price: 1,89 €, Comparison Price: 7,27 €/kg
Product: Tuorekset Mieto Tomaattisalsa 300g, Unit Price: 2,59 €, Comparison Price: 8,63 €/kg
Product: Tuorekset Classic Wok kasvissekoitus 300g, Unit Price: 2,99 €, Comparison Price: 9,97 €/kg
Product: Kotimaista pakattu kiinankaali, Unit Price: 2,00 €, Comparison Price: 4,99 €/kg
Product: Haricot papu 150g, Unit Price: 2,29 €, Comparison Price: 15,27 €/kg
Product: Maissi tuore 400g, Unit Price: 4,39 €, Comparison Price: 10,97 €/kg
Product: Semper Gluteeniton Kaura digestivekeksi 150g, Unit Price: 3,75 €, Comparison Price: 25,00 €/kg
Product: Yeo's 400g nuudeli Ezy-Cook, Unit Price: 2,29 €, Comparison Price: 5,73 €/kg
Product: Rainbow Hojiblanca tummat kivettömät oliivit 235/113 g, Unit Price: 1,03 €, Comparison Price: 9,12 €/kg
Product: Select One Size hiusnauha 3 väriä, Unit Price: 9,95 €, Comparison Price: 
Product: Kitkan savumuikku 215g säilyke, Unit Price: 6,79 €, Comparison Price: 31,58 €/kg
Product: Inpa Aurinkokuivattu Tomaatti 280g, Unit Price: 2,85 €, Comparison Price: 20,36 €/kg
Product: Coop kuoritut kokonaiset tomaatit 400 g, Unit Price: 0,79 €, Comparison Price: 1,98 €/kg
Product: LV 500ml astianpesuaine, Unit Price: 2,75 €, Comparison Price: 5,50 €/l
Product: Opies Hillottu inkivääri kokonainen 280/150g, Unit Price: 5,45 €, Comparison Price: 19,46 €/kg
Product: Forsman tea Rooibos Aavikkokerma maustettu yrttitee 60 g, Unit Price: 1,89 €, Comparison Price: 31,50 €/kg
Product: Pikkuperunat 900g, Unit Price: 0,99 €, Comparison Price: 1,10 €/kg
Product: Meira Leivinjauhe 50g, Unit Price: 0,69 €, Comparison Price: 13,80 €/kg
Product: House kaulin, Unit Price: 12,50 €, Comparison Price: 
Product: Bonne Maman 370g Kirsikkahillo, Unit Price: 4,49 €, Comparison Price: 12,14 €/kg
Product: Suomen lämpömittari paistolämpömittari, Unit Price: 4,95 €, Comparison Price: 
Product: GastroMax spiraalivispilä 28 cm musta, Unit Price: 3,95 €, Comparison Price: 
Product: Kevyesti savustettua kilohailia chiliöljyssä 120g/84g, Unit Price: 1,05 €, Comparison Price: 8,75 €/kg
Product: Pesty kiinteä peruna, Unit Price: 0,10 €, Comparison Price: 0,95 €/kg
Product: Banga Savustettu kilohaili öljyssä 100g, Unit Price: 1,55 €, Comparison Price: 15,50 €/kg
Product: Peruna 2 kg Luomu, Unit Price: 3,39 €, Comparison Price: 1,70 €/kg
Product: Epinell Grillattua kilohailia tomaattikastikkeessa140g, Unit Price: 1,85 €, Comparison Price: 20,56 €/kg
Product: Ecover Astianpesuneste Greippi & Vihreä tee 450ml, Unit Price: 2,79 €, Comparison Price: 6,20 €/l
Product: Ecover Astianpesuneste Sitruuna & Aloe vera 450ml, Unit Price: 2,79 €, Comparison Price: 6,20 €/l
Product: Gymstick 8-vetoremmit, Unit Price: 15,95 €, Comparison Price: 15,95 €/pr
Product: Starter otsanauha valkoinen, Unit Price: 5,95 €, Comparison Price: 
Product: Mama Täysjyväriisinuudeli 225g, Unit Price: 2,49 €, Comparison Price: 11,07 €/kg
Product: Blue Dragon kuivattu täysjyvävehnänuudeli 300g, Unit Price: 2,15 €, Comparison Price: 7,17 €/kg
Product: Fackelmann silikonikaavin, Unit Price: 6,50 €, Comparison Price: 
Product: GoGreen Bean Salsa Original 380 g, Unit Price: 1,99 €, Comparison Price: 5,24 €/kg
Product: Heinz Chili Beans pavut 390g, Unit Price: 2,29 €, Comparison Price: 5,87 €/kg
Product: Forsman tea Paratiisi Sen Cha vihreä maustettu irtotee 60 g, Unit Price: 1,89 €, Comparison Price: 31,50 €/kg
Product: Old Riga Savustettu kilohaili öljyssä 250g/175g, Unit Price: 4,09 €, Comparison Price: 23,37 €/kg
Product: Kiilto suihkutettava käsitiskiaine Omena 475 ml, Unit Price: 3,09 €, Comparison Price: 6,51 €/l
Product: Rainbow ruskeat pavut suolaliemessä 380g/230g, Unit Price: 0,50 €, Comparison Price: 2,17 €/kg
Product: Wilson otsanauha musta, Unit Price: 7,99 €, Comparison Price: 
Product: Saima 2kpl vararulla mattoteippiharjaan, Unit Price: 3,35 €, Comparison Price: 1,68 €/kpl
Product: Valio Plus™ rasvaton maito 1 l, Unit Price: 2,09 €, Comparison Price: 2,09 €/l
Product: Valio Plus™ kevytmaito 1 l, Unit Price: 2,25 €, Comparison Price: 2,25 €/l
Product: Dole Persikkaa ja vaniljaa sisältävä kasvipohjainen kreemi hedelmävälipala makeutusaineella 4x123g, Unit Price: 3,49 €, Comparison Price: 7,09 €/kg
Product: Elgorriaga mansikkakeksi 240g, Unit Price: 1,39 €, Comparison Price: 5,79 €/kg
Product: House elektroninen keittiövaaka, Unit Price: 19,90 €, Comparison Price: 
Product: Coop maitosuklaarouhe leivontaan 100 g, Unit Price: 1,65 €, Comparison Price: 16,50 €/kg
Product: Arla Cafè maito 1 L UHT laktoositon, Unit Price: 2,09 €, Comparison Price: 2,09 €/l
Product: Valio kahvimaito 1 l laktoositon UHT, Unit Price: 2,75 €, Comparison Price: 2,75 €/l
Product: Valio Kiehu® maitojuoma 1 l, Unit Price: 2,39 €, Comparison Price: 2,39 €/l
Product: Valio kahvimaito 5 dl laktoositon, Unit Price: 1,69 €, Comparison Price: 3,38 €/l
Product: Valio Latte original maitokahvijuoma 1 l laktoositon, Unit Price: 2,69 €, Comparison Price: 2,69 €/l
Product: Valio Latte vanilla fudge maitokahvijuoma 1 l laktoositon, Unit Price: 2,69 €, Comparison Price: 2,69 €/l
Product: Juustoportti Luomu vuohenmaito 1 l UHT, Unit Price: 4,99 €, Comparison Price: 4,99 €/l
Product: MunSmoothie Omenan ja vaniljan makuinen välipalajuoma 300ml, Unit Price: 2,39 €, Comparison Price: 7,97 €/kg
Product: Carrefour Classic kirsikkatomaatit 240 g, Unit Price: 0,73 €, Comparison Price: 3,04 €/kg
Product: Rainbow Kalamata kreikkalaiset kivettömät oliivit 350/185 g, Unit Price: 1,26 €, Comparison Price: 6,81 €/kg
Product: Stahlberg Gourmet Suklaanapit 125 G, Unit Price: 2,15 €, Comparison Price: 17,20 €/kg
Product: Rainbow täysjyvänuudeli 250 G, Unit Price: 1,35 €, Comparison Price: 5,40 €/kg
Product: Rainbow päärynänpuolikkaat sokeriliemessä 410/230g, Unit Price: 1,95 €, Comparison Price: 8,48 €/kg
Product: Myllyn Paras Irtonainen Kaura+Riisi 1 kg, Unit Price: 2,59 €, Comparison Price: 2,59 €/kg
Product: Rainbow 100g valkosuklaa leivontaan, Unit Price: 1,09 €, Comparison Price: 10,90 €/kg
Product: Preah Vihear Jasmiiniriisi 5kg, Unit Price: 8,99 €, Comparison Price: 1,80 €/kg
Product: Dr. Oetker Vaniljanmakuinen kakkumoussejauhe 130 g, Unit Price: 1,89 €, Comparison Price: 21,00 €/kg
Product: Rainbow säilykelohi 170 g, Unit Price: 3,29 €, Comparison Price: 19,35 €/kg
Product: Suomen lämpömittari paistolämpömittari, Unit Price: 4,50 €, Comparison Price: 
Product: Santa Maria Munanuudeli 4 kpl 200 g, Unit Price: 1,55 €, Comparison Price: 7,75 €/kg
Product: Epinell Grillattua kilohailia lähdevedessä 140 g, Unit Price: 1,85 €, Comparison Price: 20,56 €/kg
Product: Fackelmann kaulin, Unit Price: 10,50 €, Comparison Price: 
Product: Rainbow 100g tumma leivontasuklaa 70%, Unit Price: 1,39 €, Comparison Price: 13,90 €/kg
Product: Raffini supersoft hiuslenkki 6kpl musta, Unit Price: 1,95 €, Comparison Price: 0,33 €/kpl
Product: McVitie's Digestive 400g Original Vehnäkeksit, Unit Price: 2,09 €, Comparison Price: 5,23 €/kg
Product: Raffini taskukampa, Unit Price: 0,95 €, Comparison Price: 
Product: Cailap kampa taskukokoinen 6kpl, Unit Price: 1,80 €, Comparison Price: 0,30 €/kpl
Product: Lapin Puikula peruna 2kg, Unit Price: 5,29 €, Comparison Price: 2,65 €/kg
Product: Raffini hiusharja, Unit Price: 3,95 €, Comparison Price: 
Product: Wilson koripallo NBA DRV Plus 5, Unit Price: 22,95 €, Comparison Price: 
Product: Raffini piikkikampa, Unit Price: 1,20 €, Comparison Price: 
Product: Cailap Pehmohiuslenkkisetti musta 6kpl, Unit Price: 2,90 €, Comparison Price: 0,48 €/kpl
Product: Pielisen kalajaloste Villikala vedessä 150 g/115 g, Unit Price: 2,89 €, Comparison Price: 25,13 €/kg
Product: Raffini hiuslenkki musta pyöreä 10kpl, Unit Price: 1,95 €, Comparison Price: 0,20 €/kpl
Product: Kampamies EKO pieni selvityskampa, Unit Price: 2,50 €, Comparison Price: 
Product: Raffini hiuslenkki musta ohut 15 kpl, Unit Price: 1,95 €, Comparison Price: 0,13 €/kpl
Product: Raffini hiusharja Delfiini, Unit Price: 2,95 €, Comparison Price: 
Product: Fazer Marianne Crush piparminttusuklaa karamellirouhe 150g, Unit Price: 3,29 €, Comparison Price: 21,93 €/kg
Product: Salliselta Sokerimassa musta 250g, Unit Price: 2,69 €, Comparison Price: 10,76 €/kg
Product: Forsman tea Samovar Blend Kultainen Omena musta tee 60 g, Unit Price: 2,45 €, Comparison Price: 40,83 €/kg
Product: Cailap Selvityskampa, Unit Price: 1,90 €, Comparison Price: 
Product: Kampamies yleiskampa tiheä/harva 2kpl, Unit Price: 2,15 €, Comparison Price: 1,08 €/kpl
Product: Cailap pyöröharja ekologinen vehnäkuitu-muovi, Unit Price: 4,95 €, Comparison Price: 
Product: Ibero Hiuslenkki musta vieteri 5kpl, Unit Price: 2,90 €, Comparison Price: 0,58 €/kpl
Product: Vileda Food Safe 40 kpl kertakäyttökäsine nitriiliä, koko M/L, Unit Price: 8,95 €, Comparison Price: 0,22 €/kpl
Product: Cailap Lankadonitsi musta 2 kpl, Unit Price: 2,90 €, Comparison Price: 1,45 €/kpl
Product: Raffini takuntaltuttajaharja, Unit Price: 4,95 €, Comparison Price: 
Product: Nordqvist Nippon Green 100g vihreä maustettu irtotee RFA, Unit Price: 3,75 €, Comparison Price: 37,50 €/kg
Product: Cailap Stretch-panta musta, Unit Price: 3,90 €, Comparison Price: 
Product: Santa Maria 200g Whole Wheat Noodles "Perfect for wok", Unit Price: 1,59 €, Comparison Price: 7,95 €/kg
Product: Raffini silikonihiuslenkki 500 kpl m/k, Unit Price: 2,90 €, Comparison Price: 0,01 €/kpl
Product: WE CARE ICON. Detangling Comb varsikampa, Unit Price: 3,90 €, Comparison Price: 
Product: Cailap Pehmohiuslenkit 6kpl, beige/koralli/persikka, Unit Price: 3,15 €, Comparison Price: 0,53 €/kpl
Product: Ibero Hiusharja tupeeraus, Unit Price: 4,50 €, Comparison Price: 
Product: Willkem BIO Hiusharja, Iso ovaali, Unit Price: 6,90 €, Comparison Price: 
Product: Raffini hiuslenkki beige ohut 15kpl, Unit Price: 1,95 €, Comparison Price: 0,13 €/kpl
Product: Ibero Hiuslenkki musta pieni 15kpl, Unit Price: 2,95 €, Comparison Price: 0,20 €/kpl
Product: Törsleffs karamellisoitu sokeroitu maitotiiviste 397g, Unit Price: 2,55 €, Comparison Price: 6,42 €/kg
Product: Savusiika öljyssä, Unit Price: 5,38 €, Comparison Price: 29,89 €/kg
Product: House pyykkipoika 24 kpl, Unit Price: 1,50 €, Comparison Price: 0,06 €/kpl
Product: Smart teippiharjan vaihtorullat 2kpl, Unit Price: 3,29 €, Comparison Price: 1,65 €/kpl
Product: Starter otsanauha musta, Unit Price: 5,95 €, Comparison Price: 
Product: Urtekram Luomu Belugalinssi 400g, Unit Price: 1,86 €, Comparison Price: 7,75 €/kg
Product: Coop soija- ja vehnäproteiini hiutaleena sitruuna ja pippuri 100 g, Unit Price: 1,50 €, Comparison Price: 15,00 €/kg
Product: Jauhoinen peruna harjattu, Unit Price: 0,08 €, Comparison Price: 0,75 €/kg
Product: Mutti Pelati kokonaiset kuoritut tomaatit 400g, Unit Price: 1,45 €, Comparison Price: 5,58 €/kg
Product: Wilson koripallo NBA DRV Plus 6, Unit Price: 22,95 €, Comparison Price: 
Product: Leader Performance ravintolisävalmiste CLA+ 800 mg 100 kaps, Unit Price: 14,95 €, Comparison Price: 0,15 €/kpl
Product: Tolonen SaltBalans Super 100tabl, Unit Price: 9,49 €, Comparison Price: 0,09 €/kpl
Product: A.Vogel Fluid Balance 60 tablettia kultapiisku-koivunlehtiuutetabletti, Unit Price: 14,90 €, Comparison Price: 0,25 €/kpl
Product: Royal aurinkokuivattu tomaattisuikale basilika-mausteliemessä 360/200g, Unit Price: 3,05 €, Comparison Price: 15,25 €/kg
Product: Nestlé NAN PRO 3 Pikkulasten maitojuoma 1000ml, Unit Price: 2,79 €, Comparison Price: 2,79 €/l
Product: Kotimaista kala öljyssä paprika & sipuli 150 g/115 g, Unit Price: 2,99 €, Comparison Price: 19,93 €/kg
Product: GoGreen Bean Chili Salsa 380 g, Unit Price: 2,09 €, Comparison Price: 5,50 €/kg
Product: Fragata mustat viipaloidut oliivit 330/170g, Unit Price: 1,65 €, Comparison Price: 9,71 €/kg
Product: Fragata musta kivetön oliivi 330/163g, Unit Price: 0,99 €, Comparison Price: 6,07 €/kg
Product: Fackelmann vispilä, Unit Price: 6,50 €, Comparison Price: 
Product: GOHAR Jasmiiniriisi 1 kg, Unit Price: 2,79 €, Comparison Price: 2,79 €/kg
Product: Dr. Oetker Tummasuklaanappi leivontaan 100g, Unit Price: 3,49 €, Comparison Price: 34,90 €/kg
Product: Savustettu kilohaili öljyssä 160/112g, Unit Price: 1,79 €, Comparison Price: 15,98 €/kg
Product: Kotimaista jauhoinen peruna 2kg, Unit Price: 0,99 €, Comparison Price: 0,50 €/kg
Product: Rainbow papaijapalat sokeriliemessä 425/260g, Unit Price: 2,19 €, Comparison Price: 8,42 €/kg
Product: Rainbow seesamiöljy paahdettu 250ml, Unit Price: 4,29 €, Comparison Price: 17,16 €/l
Product: Kikkoman 125ml paahdettu seesamiöljy, Unit Price: 3,59 €, Comparison Price: 28,72 €/l
Product: Änglamark neitsytkookosöljy luomu 200 ml, Unit Price: 2,10 €, Comparison Price: 10,50 €/l
Product: Impolan Kasvitilan kylmäpuristettu camelinaöljy 250 ml, Unit Price: 9,59 €, Comparison Price: 38,36 €/l
Product: Rainbow avokadoöljy 250ml, Unit Price: 4,59 €, Comparison Price: 18,36 €/l
Product: Keiju Vuokaspray 400 ml, Unit Price: 5,39 €, Comparison Price: 13,47 €/l
Product: Elixi Pellavansiemenöljy 250 ml kylmäpuristettu, Unit Price: 5,99 €, Comparison Price: 23,96 €/l
Product: Änglamark kookosöljy neutral luomu 450 ml, Unit Price: 4,99 €, Comparison Price: 11,09 €/l
Product: Olivado Extra Virgin Avokadoöljy Sitruuna 250ml, Unit Price: 7,89 €, Comparison Price: 31,56 €/l
Product: URTEKRAM Luomu Kylmäpuristettu Seesamiöljy 500ml, Unit Price: 10,79 €, Comparison Price: 21,58 €/l
Product: Elixi Luomu Pellavansiemenöljy 250ml, Unit Price: 6,75 €, Comparison Price: 27,00 €/l
Product: Olivado Extra Virgin Avokadoöljy 250ml, Unit Price: 7,89 €, Comparison Price: 31,56 €/l
Product: URTEKRAM Luomu Paahdettu Seesamiöljy 250ml, Unit Price: 8,39 €, Comparison Price: 33,56 €/l
Product: Rainbow saksanpähkinäöljy 250ml, Unit Price: 3,79 €, Comparison Price: 15,16 €/l
Product: Olivado Extra Virgin Macadamiaöljy 250ml, Unit Price: 7,95 €, Comparison Price: 31,80 €/l
Product: Green Choice Luomu kookosöljy neutraalinmakuinen 400g, Unit Price: 4,99 €, Comparison Price: 12,48 €/kg
Product: Filos neitsytseesamiöljy 250 ml, Unit Price: 7,39 €, Comparison Price: 29,56 €/l
Product: URTEKRAM Luomu Neutraalinmakuinen Kookosöljy 480ml, Unit Price: 8,39 €, Comparison Price: 17,48 €/l
Product: Steirerkraft Kurpitsansiemenöljy 250ml, Unit Price: 8,69 €, Comparison Price: 34,76 €/l
Product: Foodin Neitsytkookosöljy, kylmäpuristettu, Luomu, 400ml, Unit Price: 6,45 €, Comparison Price: 16,13 €/l
Product: URTEKRAM Luomu Reilu kauppa Kylmäpuristettu Kookosöljy 480ml, Unit Price: 7,95 €, Comparison Price: 16,56 €/l
Product: Impolan Kasvitilan kylmäpuristettu hampunsiemenöljy 250 ml, Unit Price: 9,20 €, Comparison Price: 36,80 €/l
Product: Cauvin 50cl viinirypälesiemenöljy, Unit Price: 7,49 €, Comparison Price: 14,98 €/l
Product: Coop paahdettu seesamiöljy 250 ml, Unit Price: 4,29 €, Comparison Price: 
Product: Dr. Oetker Suklaanmakuinen kakkumoussejauhe 130 g, Unit Price: 1,89 €, Comparison Price: 14,54 €/kg
Product: Riipisen Savustettua muikkua öljykastikkeessa 200g, Unit Price: 5,59 €, Comparison Price: 32,88 €/kg
Product: Delphi 360/200g oliivi valkosipulitäyte, Unit Price: 2,29 €, Comparison Price: 11,45 €/kg
Product: Pesty jauhoinen peruna, Unit Price: 0,09 €, Comparison Price: 0,89 €/kg
Product: Rainbow vohvelit 6 kpl 250 g, Unit Price: 1,15 €, Comparison Price: 4,60 €/kg
Product: Viipurinrinkeli, Unit Price: 6,29 €, Comparison Price: 20,97 €/kg
Product: Mr. Brownie Chocolate Brownies 200g, Unit Price: 2,99 €, Comparison Price: 14,95 €/kg
Product: Fazer Ihana hetki passion-juustokakkurulla 485g, Unit Price: 12,55 €, Comparison Price: 25,88 €/kg
Product: Asmara Herkkushop - Baklava-rasia - 4x55g, Unit Price: 5,95 €, Comparison Price: 49,58 €/kg
Product: Fazer Omar -kakkunen 2kpl 150g, Unit Price: 4,09 €, Comparison Price: 27,27 €/kg
Product: Mr. Brownie Lemon Cakes 200g, Unit Price: 2,99 €, Comparison Price: 14,95 €/kg
Product: Mr. Brownie White Chocolate Brownies 200g, Unit Price: 2,99 €, Comparison Price: 14,95 €/kg
Product: Pekan Parhaat unelmatorttu annospala gluteeniton 75g, Unit Price: 3,15 €, Comparison Price: 42,00 €/kg
Product: Satumaista Bostonkakku 350g, Unit Price: 4,95 €, Comparison Price: 14,14 €/kg
Product: Fazer Marianne -kakkunen 2kpl 160g, Unit Price: 4,09 €, Comparison Price: 25,56 €/kg
Product: Kukka Baklava, Unit Price: 6,79 €, Comparison Price: 29,52 €/kg
Product: RULLA BAKLAVA, Unit Price: 6,79 €, Comparison Price: 29,52 €/kg
Product: GastroMax pehmeän juuston höylä musta, Unit Price: 6,90 €, Comparison Price: 
Product: Lékué pursotinsetti pestävä, Unit Price: 19,90 €, Comparison Price: 
Product: Semper Yogomums Mango Omena 12kk jogurtti hedelmäsose 120g, Unit Price: 1,09 €, Comparison Price: 9,08 €/kg
Product: Golden Star Vaniljakreemijauhe 130g, Unit Price: 3,09 €, Comparison Price: 23,77 €/kg
Product: Järki Särki 275/180g luomutomaatti & yrtit, Unit Price: 3,85 €, Comparison Price: 14,00 €/kg
Product: Iittala 22cl Aino Aalto juomalasi 2kpl pellava, Unit Price: 17,90 €, Comparison Price: 8,95 €/kpl
Product: Änglamark valkoiset pavut luomu 380/230 g, Unit Price: 0,95 €, Comparison Price: 4,13 €/kg
Product: Rainbow mattopiiska, Unit Price: 10,90 €, Comparison Price: 
Product: Nongshim Shin Ramyun Noodle Spicy 120g, Unit Price: 2,29 €, Comparison Price: 19,08 €/kg
Product: Wilson minikoripallo NCAA Micro 1 ruskea, Unit Price: 8,45 €, Comparison Price: 
Product: F`SH PEAS Vegan ITALIANO salad 175g, Unit Price: 2,00 €, Comparison Price: 14,81 €/kg
Product: GoGreen Punaiset Linssit 380g, Unit Price: 1,55 €, Comparison Price: 6,74 €/kg
Product: Fazer Valkoinen leivontasuklaa 100g, Unit Price: 2,29 €, Comparison Price: 22,90 €/kg
Product: Kotimaista  kiinteä peruna 2kg, Unit Price: 1,79 €, Comparison Price: 0,90 €/kg
Product: Coop kidneypavut chilikastikkeessa 390 g, Unit Price: 1,19 €, Comparison Price: 3,05 €/kg
Product: Fragata vihreä paprikatäytteinen oliivi 335/198g, Unit Price: 1,95 €, Comparison Price: 9,85 €/kg
Product: House rannetuki, Unit Price: 6,99 €, Comparison Price: 6,99 €/pr
Product: Dole Persikka hedelmäkupit 4x113g/65g, Unit Price: 4,39 €, Comparison Price: 9,71 €/kg
Product: Rainbow 200g tumma leivontasuklaa, Unit Price: 1,99 €, Comparison Price: 9,95 €/kg
Product: Foodin Raakasuklaamassa Dark 100g luomu, Unit Price: 3,99 €, Comparison Price: 39,90 €/kg
Product: Pielisen kalajaloste Muikkukukko 210 g, Unit Price: 2,72 €, Comparison Price: 12,95 €/kg
Product: Meira Rosépippuri kokonainen 15g, Unit Price: 1,25 €, Comparison Price: 83,33 €/kg
Product: House vetohihnat, kangasta, Unit Price: 4,99 €, Comparison Price: 4,99 €/pr
Product: Coop punaiset linssit 380/230 g, Unit Price: 0,95 €, Comparison Price: 4,13 €/kg
Product: Meira Mustapippuri rouhittu 27g, Unit Price: 1,09 €, Comparison Price: 40,37 €/kg
Product: Kotimaista 1 kg Maustamaton AB jogurtti laktoositon, Unit Price: 1,69 €, Comparison Price: 1,69 €/kg
Product: Kotimaista 1 kg Maustamaton jogurtti laktoositon, Unit Price: 1,65 €, Comparison Price: 1,65 €/kg
Product: Kotimaista 1kg Rasvaton Maustamaton vähälaktoosinen jogurtti, Unit Price: 1,65 €, Comparison Price: 1,65 €/kg
Product: Valio A+™ luonnonjogurtti 1 kg rasvaton laktoositon, Unit Price: 2,49 €, Comparison Price: 2,49 €/kg
Product: Valio A+™ luonnonjogurtti 1 kg laktoositon, Unit Price: 2,49 €, Comparison Price: 2,49 €/kg
Product: Valio A+™ kreikkalainen luonnonjogurtti 1 kg laktoositon, Unit Price: 3,65 €, Comparison Price: 3,65 €/kg
Product: Valio A+™ luonnonjogurtti 1 kg täyteläinen laktoositon, Unit Price: 2,49 €, Comparison Price: 2,49 €/kg
Product: Valio A+™ luonnonjogurtti ja marjamysli 200 g laktoositon, Unit Price: 1,65 €, Comparison Price: 8,25 €/kg
Product: Valio A+™ luonnonjogurtti 150 g laktoositon, Unit Price: 0,89 €, Comparison Price: 5,93 €/kg
Product: Valio A+™ kreikkalainen luonnonjogurtti 1 kg rasvaton laktoositon, Unit Price: 3,65 €, Comparison Price: 3,65 €/kg
Product: Kotimaista maustamaton AB-jogurtti 150 g laktoositon, Unit Price: 0,65 €, Comparison Price: 4,33 €/kg
Product: Xtra herkkusieniä viipaleina 400/230g, Unit Price: 0,93 €, Comparison Price: 4,04 €/kg
Product: Valio Bulgarian jogurtti 200 g, Unit Price: 0,98 €, Comparison Price: 4,90 €/kg
Product: Rainbow herkkusienet viipaleina suolaliemessä 185g/115g, Unit Price: 1,05 €, Comparison Price: 9,13 €/kg
Product: Juustoportti Vapaan lehmän AB-luonnonjogurtti 1 kg maustamaton laktoositon, Unit Price: 2,89 €, Comparison Price: 2,89 €/kg
Product: Rainbow herkkusienet viipaleina suolaliemessä 390g/230g, Unit Price: 1,75 €, Comparison Price: 7,61 €/kg
Product: Arla Maustamaton rasvaton AB-jogurtti 1 kg laktoositon, Unit Price: 2,15 €, Comparison Price: 2,15 €/kg
Product: Xtra viipaloidut herkkusienet suolaliemessä 185/115 g, Unit Price: 0,49 €, Comparison Price: 4,30 €/kg
Product: Valio Bulgarian jogurtti 400 g, Unit Price: 1,89 €, Comparison Price: 4,72 €/kg
Product: Rainbow kokonaiset herkkusienet suolaliemessä 180/105 g, Unit Price: 1,39 €, Comparison Price: 6,95 €/kg
Product: Valio Gefilus® Kefir juotava välipala 1 kg maustamaton laktoositon, Unit Price: 2,99 €, Comparison Price: 2,99 €/kg
Product: Rainbow herkkusieniä suolaliemessä 380/205g, Unit Price: 2,04 €, Comparison Price: 9,95 €/kg
Product: Kotimaista Bulgarian jogurtti 150g, Unit Price: 0,69 €, Comparison Price: 4,60 €/kg
Product: Änglamark herkkusieni siivuina luomu 280 g, Unit Price: 2,35 €, Comparison Price: 8,39 €/kg
Product: Juustoportti AB-jogurtti 1 kg rasvaton maustamaton laktoositon, Unit Price: 2,79 €, Comparison Price: 2,79 €/kg
Product: Pucci1932 tryffelinmakuiset herkkusienet 200/140 g, Unit Price: 2,99 €, Comparison Price: 14,95 €/kg
Product: Valio lohkeava luonnonjogurtti 150 g laktoositon, Unit Price: 1,19 €, Comparison Price: 7,93 €/kg
Product: Sauvon 315/160 g miedossa suolaliemessä sienikuutioita, Unit Price: 2,89 €, Comparison Price: 18,06 €/kg
Product: Kotimaista AB-Luomujogurtti 1kg maustamaton, Unit Price: 2,78 €, Comparison Price: 2,78 €/kg
Product: PUCCI 1932 Grillattuja Chili Herkkusieniä 200g, Unit Price: 3,25 €, Comparison Price: 16,25 €/kg
Product: Valio Luomu™ luonnonjogurtti 1 kg laktoositon, Unit Price: 2,95 €, Comparison Price: 2,95 €/kg
Product: Sauvon 200/120 g miedossa suolaliemessä keltavahveroita, Unit Price: 4,65 €, Comparison Price: 38,75 €/kg
Product: Valio Hyvä suomalainen Arki® jogurtti 1 kg maustamaton, Unit Price: 1,48 €, Comparison Price: 1,48 €/kg
Product: Valiojogurtti® 1 kg maustamaton laktoositon, Unit Price: 1,99 €, Comparison Price: 1,99 €/kg
Product: Juustoportti AB-luonnonjogurtti 1 kg maustamaton laktoositon, Unit Price: 2,59 €, Comparison Price: 2,59 €/kg
Product: Del Monte 300g Mandariinilohkoja mehussa, Unit Price: 2,49 €, Comparison Price: 14,23 €/kg
Product: Heti 500ml Käsitiski, Unit Price: 2,65 €, Comparison Price: 5,30 €/l
Product: Vegontable Kivettömiä luomu Kalamata oliiveja 360 g / 180 g, Unit Price: 1,50 €, Comparison Price: 8,33 €/kg
Product: Wilson otsanauha valkoinen, Unit Price: 7,99 €, Comparison Price: 
Product: Meira Sitruunapippuri ei lisättyä suolaa 32g, Unit Price: 0,95 €, Comparison Price: 29,69 €/kg
Product: House silikonisuti 27 cm, Unit Price: 5,50 €, Comparison Price: 
Product: Fragata Vähäsuolainen vihreä oliivi paprikatäytteellä 142/85g, Unit Price: 0,79 €, Comparison Price: 9,29 €/kg
Product: Piippo Pyykkinaru vihreä 3mmx59m, Unit Price: 4,25 €, Comparison Price: 
Product: NBA koripallo Team Tribute Utah Jazz, Unit Price: 29,95 €, Comparison Price: 
Product: Saima 60 arkkia mattoteippiharja, Unit Price: 3,95 €, Comparison Price: 
Product: Fairy 1.25L Original astianpesuaine, Unit Price: 5,69 €, Comparison Price: 4,55 €/l
Product: Kotimaista kaneliässä 400 g, Unit Price: 2,49 €, Comparison Price: 6,23 €/kg
Product: Dulcesol Kanapee 180g, Unit Price: 1,55 €, Comparison Price: 8,61 €/kg
Product: Matilde Vicenzi savoiardi keksi 200g, Unit Price: 3,39 €, Comparison Price: 16,95 €/kg
Product: Leivon Pikkuserkku-pikkuleipä 500 g, Unit Price: 2,99 €, Comparison Price: 5,98 €/kg
Product: Kotimaista sitruunaässä 400 g, Unit Price: 2,49 €, Comparison Price: 6,23 €/kg
Product: Rainbow talouskäsineet L-koko, Unit Price: 0,50 €, Comparison Price: 
Product: Leivon Herrasväenleipä vadelma 300g, Unit Price: 3,19 €, Comparison Price: 10,63 €/kg
Product: Hilda Mummon Rapeat kauralastut, Unit Price: 4,35 €, Comparison Price: 7,91 €/kg
Product: Tasangon suklaa pikkuleipä 300g, Unit Price: 2,99 €, Comparison Price: 9,97 €/kg
Product: Xtra pikkuleipälajitelma 400 g, Unit Price: 1,89 €, Comparison Price: 4,72 €/kg
Product: Leivon Talonpoika 300g, Unit Price: 3,15 €, Comparison Price: 10,50 €/kg
Product: Karvakamu irtokarvanpoistaja, Unit Price: 5,95 €, Comparison Price: 
Product: Leivon Kuningatarleipä 500g, Unit Price: 3,75 €, Comparison Price: 7,50 €/kg
Product: House keittiövaaka teräs 15025298, Unit Price: 13,50 €, Comparison Price: 
Product: Leivon Hanna-tädin pikkuleipä 500 g, Unit Price: 2,99 €, Comparison Price: 5,98 €/kg
Product: Leivon Amerikanserkku 320g, Unit Price: 3,15 €, Comparison Price: 9,84 €/kg
Product: Leivon Kaneliässä-pikkuleipä 500 g, Unit Price: 2,99 €, Comparison Price: 5,98 €/kg
Product: Vanajan Suklaaässä pikkuleipä 300g, Unit Price: 2,29 €, Comparison Price: 7,63 €/kg
Product: Tasangon kanelirengas kanelipikkuleipä 300g, Unit Price: 2,99 €, Comparison Price: 9,97 €/kg
Product: Leivon Suklaamuropikkuleipä 500 g, Unit Price: 2,99 €, Comparison Price: 5,98 €/kg
Product: Bonne Maman 90g Ranskalaiset Galette-voikeksit, Unit Price: 2,55 €, Comparison Price: 28,33 €/kg
Product: Tasangon sitruunapikkuleipä 300g, Unit Price: 2,99 €, Comparison Price: 9,97 €/kg
Product: Hans Freitag Favorites pikkuleipälajitelma RA 400g, Unit Price: 2,99 €, Comparison Price: 7,48 €/kg
Product: Gavottes Crêpe Dentelle maitosuklaakeksi 90g, Unit Price: 2,75 €, Comparison Price: 30,56 €/kg
Product: Elonen vaniljakehrä pikkuleipä 200g, Unit Price: 2,99 €, Comparison Price: 14,95 €/kg
Product: Piparipojan parhaat kahvin kaveri 300g, Unit Price: 2,45 €, Comparison Price: 8,17 €/kg
Product: Rosten Gluteeniton täytetty pikkuleipä Kuningatar 140 g, Unit Price: 3,99 €, Comparison Price: 28,50 €/kpl
Product: Kron 5m teippiharja, Unit Price: 2,09 €, Comparison Price: 
Product: Rainbow kidneypavut suolaliemessä luomu 380/230 g, Unit Price: 0,79 €, Comparison Price: 3,43 €/kg
Product: Pielisen kalajaloste Arkikala öljyssä 150 g/115 g, Unit Price: 2,55 €, Comparison Price: 17,00 €/kg
Product: Sini pyykkinaru 50m, Unit Price: 2,75 €, Comparison Price: 
Product: Wilson koripallo NBA Team Tribute LA Lakers, Unit Price: 29,95 €, Comparison Price: 
Product: Meira Valkopippuri jauhettu 31g, Unit Price: 1,65 €, Comparison Price: 53,23 €/kg
Product: Cosatto pyykkipojat 20 kpl kierrätetty muovi, Unit Price: 3,95 €, Comparison Price: 0,20 €/kpl
Product: Samyang Buldak Ramen Extreme Hot Chicken 2x Spicy 140g, Unit Price: 2,49 €, Comparison Price: 17,79 €/kg
Product: Rainbow kertakäyttökäsineet S/M puuteroimaton 50kpl, Unit Price: 4,48 €, Comparison Price: 0,09 €/kpl
Product: Meira Sitruunapippuri 95g, Unit Price: 1,99 €, Comparison Price: 20,95 €/kg
Product: Meira Valkopippuri jauhettu 38g, Unit Price: 2,89 €, Comparison Price: 76,05 €/kg
Product: Wilson Super Soft Play rantapallo, Unit Price: 15,95 €, Comparison Price: 
Product: Meira Luomu mustapippuri rouhittu Reilu kauppa 35g, Unit Price: 3,35 €, Comparison Price: 95,71 €/kg
Product: Rantalentopallo vihreä/oranssi, Unit Price: 9,95 €, Comparison Price: 
Product: Bon Soya 250g kasvisnakki, Unit Price: 3,59 €, Comparison Price: 14,36 €/kg
Product: Härkis 250g original härkäpapumurska, Unit Price: 3,79 €, Comparison Price: 15,16 €/kg
Product: MUU Nugget 200 g, Unit Price: 2,99 €, Comparison Price: 14,95 €/kg
Product: MUU Kasvipohjainen Chorizonakki 200g, Unit Price: 2,95 €, Comparison Price: 14,75 €/kg
Product: Makuliha Makukeittiön Kasvisnakki 200 g, Unit Price: 3,95 €, Comparison Price: 19,75 €/kg
Product: Vöner Original lastu 200g, Unit Price: 3,99 €, Comparison Price: 19,95 €/kg
Product: MUU Kasvisuikale Hunajainen 250g, Unit Price: 2,55 €, Comparison Price: 10,20 €/kg
Product: MUU Arkijauhis 320 g, Unit Price: 2,79 €, Comparison Price: 8,72 €/kg
Product: Makuliha Makukeittiön Kasvismakkara 200 g, Unit Price: 3,95 €, Comparison Price: 19,75 €/kg
Product: MUU Kasvipohjainen Nakki 200g, Unit Price: 2,95 €, Comparison Price: 14,75 €/kg
Product: Valio MiFU® e250 g jauhis Original laktoositon, Unit Price: 3,89 €, Comparison Price: 15,56 €/kg
Product: MUU Kasvipohjainen Maggara 250 g, Unit Price: 3,59 €, Comparison Price: 14,36 €/kg
Product: Härkis 250g texmex härkäpapumurska, Unit Price: 4,09 €, Comparison Price: 16,36 €/kg
Product: Makuliha Makukeittiön Kasvismakkara Hot Paprika 200 g, Unit Price: 3,95 €, Comparison Price: 19,75 €/kg
Product: MUU Hot Dog Nakki 220 g, Unit Price: 3,95 €, Comparison Price: 17,95 €/kg
Product: MUU Kasvigrillimakkara Jalapeno-vuusto 250 g, Unit Price: 3,59 €, Comparison Price: 14,36 €/kg
Product: MUU Kasvipohjainen Savuchili Maggara 250 g, Unit Price: 3,59 €, Comparison Price: 14,36 €/kg
Product: Valio MiFU® e250 g suikale Paprika-chili laktoositon, Unit Price: 3,89 €, Comparison Price: 15,56 €/kg
Product: Valio MiFU® e250 g jauhis Bolognese laktoositon, Unit Price: 3,89 €, Comparison Price: 15,56 €/kg
Product: MUU Vebablastu 200 g, Unit Price: 2,35 €, Comparison Price: 11,75 €/kg
Product: Valio MiFU® e250 g jauhis Texmex laktoositon, Unit Price: 3,89 €, Comparison Price: 15,56 €/kg
Product: Valio MiFU® e250 g suikale Yrtti-valkosipuli laktoositon, Unit Price: 3,89 €, Comparison Price: 15,56 €/kg
Product: Bon Soya 250g kasvisgrillimakkara, Unit Price: 3,95 €, Comparison Price: 15,80 €/kg
Product: MUU Jauhismuru 200g, Unit Price: 2,15 €, Comparison Price: 10,75 €/kg
Product: Wilson koko 7 Evolution koripallo, Unit Price: 74,95 €, Comparison Price: 
Product: Akro kertakäyttökäsine L 100kpl, Unit Price: 2,50 €, Comparison Price: 0,03 €/kpl
Product: Wilson koko 5 Reaction Pro koripallo, Unit Price: 39,95 €, Comparison Price: 
Product: Xtra valkoisia papuja tomaattikastikkeessa 420 g, Unit Price: 0,95 €, Comparison Price: 2,26 €/kg
Product: Meira Mustapippuri rouhittu 35g, Unit Price: 2,29 €, Comparison Price: 65,43 €/kg
Product: Rainbow valkoiset pavut tomaattikastikkeessa 390 g, Unit Price: 0,50 €, Comparison Price: 1,28 €/kg
Product: Champ Pesis pesäpalloräpylä JR 500 left, Unit Price: 24,95 €, Comparison Price: 
Product: Karhu pihapesispallo, Unit Price: 9,95 €, Comparison Price: 
Product: Champ Pesis pesäpalloräpylä JR 1000 left, Unit Price: 34,95 €, Comparison Price: 
Product: Karhu harrastepesäpallo 125g, Unit Price: 17,95 €, Comparison Price: 
Product: Champ Pesis pesäpallo JR 6,2cm, Unit Price: 5,45 €, Comparison Price: 
Product: Karhu pesäpallo naiset ja nuoret 135-140g, Unit Price: 29,95 €, Comparison Price: 
Product: Karhu pesäpallo tenava pelipallo 95-100g, Unit Price: 24,95 €, Comparison Price: 
Product: Champ Pesis pesäpalloräpylä SR 1400 left, Unit Price: 44,95 €, Comparison Price: 
Product: Karhu Code 100 left räpylä, Unit Price: 59,95 €, Comparison Price: 
Product: Miesten pesäpallo keltainen, Unit Price: 29,95 €, Comparison Price: 
Product: Champ Pesis pesäpallo SR 6,8cm, Unit Price: 6,45 €, Comparison Price: 
Product: Karhu code 120 pesäpalloräpylä oikea, Unit Price: 84,95 €, Comparison Price: 
Product: Champ Pesis pesäpalloräpylä JR 500 right, Unit Price: 24,95 €, Comparison Price: 
Product: Champ Pesis pesäpalloräpylä JR 1000 right, Unit Price: 34,95 €, Comparison Price: 
Product: Karhu Code 120 pesäpalloräpylä vasen, Unit Price: 84,95 €, Comparison Price: 
Product: Champ Pesis pesäpalloräpylä SR 1400 right, Unit Price: 44,95 €, Comparison Price: 
Product: Karhu Code 100 oikea pesäpalloräpylä, Unit Price: 59,95 €, Comparison Price: 
Product: Karhu Code 80 oikea pesäpalloräpylä, Unit Price: 49,95 €, Comparison Price: 
Product: Karhu Code 80 vasen pesäpalloräpylä, Unit Price: 49,95 €, Comparison Price: 
Product: Carrefour Classic papusekoitus 425 g, Unit Price: 0,94 €, Comparison Price: 2,21 €/l
Product: Meira Maustepippuri kokonainen 20g, Unit Price: 1,15 €, Comparison Price: 57,50 €/kg
Product: Spice Up! Nuudeli 400g, Unit Price: 2,00 €, Comparison Price: 5,00 €/kg
Product: Nordqvist Blend No 1 musta lehtitee 800g RFA, Unit Price: 12,90 €, Comparison Price: 16,13 €/kg
Product: Xtra mustapippurirouhe 80 g, Unit Price: 1,17 €, Comparison Price: 14,62 €/kg
Product: Panda valkosuklaalevy 145g, Unit Price: 1,85 €, Comparison Price: 12,76 €/kg
Product: Xtra valkosuklaa 100 g, Unit Price: 0,59 €, Comparison Price: 5,90 €/kg
Product: Panda vadelmamuru makeislevy 145g, Unit Price: 2,35 €, Comparison Price: 16,21 €/kg
Product: Karl Fazer valkosuklaalevy 131 g, Unit Price: 2,69 €, Comparison Price: 20,53 €/kg
Product: Karl Fazer Valkoinen & Maitosuklaalevy 131 g, Unit Price: 2,69 €, Comparison Price: 20,53 €/kg
Product: Panda salmiakki valkosuklaalevy 145g, Unit Price: 2,35 €, Comparison Price: 16,21 €/kg
Product: Lindt Excellence White Vanilla valkosuklaalevy 100g, Unit Price: 2,99 €, Comparison Price: 29,90 €/kg
Product: La Crema kermajogurtti mandariini-hunaja 150 g, Unit Price: 0,79 €, Comparison Price: 5,27 €/kg
Product: La Crema kermajogurtti karhunvatukka 150 g, Unit Price: 0,79 €, Comparison Price: 5,27 €/kg
Product: Valio hedelmäinen jogurtti 150 g vadelma laktoositon, Unit Price: 1,24 €, Comparison Price: 8,27 €/kg
Product: La Crema kermajogurtti mansikka 150 g, Unit Price: 0,79 €, Comparison Price: 5,27 €/kg
Product: Valio hedelmäinen jogurtti 150 g ananas laktoositon, Unit Price: 1,24 €, Comparison Price: 8,27 €/kg
Product: Coop sitruuna-kermajogurtti laktoositon 400 g, Unit Price: 1,89 €, Comparison Price: 4,72 €/kg
Product: Valio Herkku kermainen jogurtti 380 g crème brûlée laktoositon, Unit Price: 2,15 €, Comparison Price: 5,66 €/kg
Product: Pure Snack Peach-Passion 175g, Unit Price: 0,99 €, Comparison Price: 5,66 €/kg
Product: Juustoportti Hyvin jogurtti 1 kg ananas laktoositon, Unit Price: 2,99 €, Comparison Price: 2,99 €/kg
Product: Maitokolmio FIT Kerrosjogurttirahka mansikka 150 g laktoositon, Unit Price: 0,89 €, Comparison Price: 5,93 €/kg
Product: Maitokolmio FIT Kerrosjogurttirahka mustikka 150 g laktoositon, Unit Price: 0,89 €, Comparison Price: 5,93 €/kg
Product: Maitokolmio FIT Kerrosjogurttirahka mango 150 g laktoositon, Unit Price: 0,89 €, Comparison Price: 5,93 €/kg
Product: Rainbow Karamelli-kermajogurtti 400 g, Unit Price: 1,89 €, Comparison Price: 4,72 €/kg
Product: Rainbow Uuniomena-kermajogurtti 400 g, Unit Price: 1,89 €, Comparison Price: 4,72 €/kg
Product: Rainbow papusekoitus suolaliemessä 380/230 g, Unit Price: 0,95 €, Comparison Price: 4,32 €/kg
Product: Jonas juustohöylä musta, Unit Price: 5,50 €, Comparison Price: 
Product: Forsman tea Rooibos Naturel Reilun kaupan yrttitee 60 g, Unit Price: 2,45 €, Comparison Price: 40,83 €/kg
Product: Go-Tan Miehoen riisinuudeli 250g, Unit Price: 2,79 €, Comparison Price: 11,16 €/kg
Product: Wilson koko 6 Reaction Pro koripallo, Unit Price: 39,95 €, Comparison Price: 
Product: Molten koripallo 6 B6G2000, Unit Price: 24,95 €, Comparison Price: 
Product: Santa Maria Lasinuudeli 4 kpl 100 g, Unit Price: 2,45 €, Comparison Price: 24,50 €/kg
Product: Koripallo Court Kings koko 6, Unit Price: 11,95 €, Comparison Price: 
Product: Miyata 300g Soba nuudeli, Unit Price: 1,79 €, Comparison Price: 5,97 €/kg
Product: Kindly's Baking mini vaahtokarkit 150 g, Unit Price: 2,69 €, Comparison Price: 17,93 €/kg
Product: Starter lyhyt rannenauha valkoinen, Unit Price: 5,45 €, Comparison Price: 
Product: Fragata vähäsuolainen vihreä oliivi 142/70g, Unit Price: 1,15 €, Comparison Price: 16,43 €/kg
Product: Rainbow kertakäyttökäsineet M/L 50kpl, Unit Price: 4,48 €, Comparison Price: 0,09 €/kpl
Product: Koripallo Court Kings koko 7, Unit Price: 11,95 €, Comparison Price: 
Product: House magnesiumpala 56 cm valkoinen, Unit Price: 1,99 €, Comparison Price: 
Product: Mikasa VS123W lentopallo, Unit Price: 39,95 €, Comparison Price: 
Product: Meira Mustapippuri jauhettu 25g, Unit Price: 1,09 €, Comparison Price: 43,60 €/kg
Product: Meira Mustapippuri rouhittu 65g, Unit Price: 2,45 €, Comparison Price: 37,69 €/kg
Product: Mikasa lasten lentopallo FIVB Inspected, Unit Price: 39,95 €, Comparison Price: 
Product: Santa Maria kokonainen Mustapippuri,  pussi 22g, Unit Price: 1,15 €, Comparison Price: 52,27 €/kg
Product: GoGreen Luomu Kidneypavut  380g, Unit Price: 1,59 €, Comparison Price: 6,91 €/kg
Product: Meira Maustepippuri jauhettu 25g, Unit Price: 1,25 €, Comparison Price: 50,00 €/kg
Product: Xtra mustapippuri kokonainen 100 g, Unit Price: 1,24 €, Comparison Price: 12,40 €/kg
Product: Xtra kidneypavut suolaliemessä 410 g, Unit Price: 0,50 €, Comparison Price: 2,08 €/kg
Product: Fiskars Essential Roll Sharp veitsenteroitin, Unit Price: 15,50 €, Comparison Price: 
Product: Fiskars Functional Form kuorija, Unit Price: 8,95 €, Comparison Price: 
Product: Fiskars Functional Form kuorija kääntyvällä terällä, Unit Price: 8,95 €, Comparison Price: 
Product: House kuorija suora muovikahvalla 21153447, Unit Price: 4,50 €, Comparison Price: 
Product: Fiskars vihanneskuorija 15 cm Functional Form, Unit Price: 9,50 €, Comparison Price: 
Product: Fiskars teroituspuikko 20 cm, Unit Price: 16,50 €, Comparison Price: 
Product: Jonas kuorija, liikkuvateräinen, Unit Price: 5,50 €, Comparison Price: 
Product: House kuorija Y-malli muovikahvalla 21153448VT, Unit Price: 3,95 €, Comparison Price: 
Product: Fackelmann kuorimaveitsi Y-malli Basic, Unit Price: 3,50 €, Comparison Price: 
Product: Victorinox yleiskuorija musta, Unit Price: 9,50 €, Comparison Price: 
Product: House leipäveitsi 8", Unit Price: 8,50 €, Comparison Price: 
Product: House yleisveitsi 21153424, Unit Price: 4,50 €, Comparison Price: 
Product: Fiskars FF Tomaattiveitsi 12cm, Unit Price: 14,50 €, Comparison Price: 
Product: Victorinox tomaattiveitsi 11cm, Unit Price: 9,50 €, Comparison Price: 
Product: Fiskars FF Vihannesveitsi 11cm, Unit Price: 14,50 €, Comparison Price: 
Product: House tomaattiveitsi, Unit Price: 4,50 €, Comparison Price: 
Product: Fiskars Hard Edge vihannesveitsi, Unit Price: 21,50 €, Comparison Price: 
Product: Xtra vihannesveitsi 3,5", Unit Price: 3,75 €, Comparison Price: 
Product: Fiskars FF Kokinveitsi Iso 20cm, Unit Price: 25,90 €, Comparison Price: 
Product: Xtra yleisveitsi pieni 5", Unit Price: 3,75 €, Comparison Price: 
Product: House katajaisia voiveitsiä 2 kpl, Unit Price: 6,90 €, Comparison Price: 3,45 €/kpl
Product: Fiskars FF Kokinveitsi pieni 12cm, Unit Price: 18,50 €, Comparison Price: 
Product: Xtra kokkiveitsi 8", Unit Price: 5,60 €, Comparison Price: 
Product: House leipäveitsi Oivaveitsi 20 cm, Unit Price: 10,95 €, Comparison Price: 
Product: KT-Tape Original kinesioteippi 5m, musta, Unit Price: 15,95 €, Comparison Price: 
Product: Coop valkosuklaarouhe leivontaan 100 g, Unit Price: 1,65 €, Comparison Price: 16,50 €/kg
Product: House pullon- ja purkinavaaja 21153419, Unit Price: 2,50 €, Comparison Price: 
Product: House viinipullonavaaja, Unit Price: 6,95 €, Comparison Price: 
Product: House liukumaton kannenavaaja 14x14 cm, Unit Price: 2,90 €, Comparison Price: 
Product: House tarjoilijanavaaja 21153444, Unit Price: 5,50 €, Comparison Price: 
Product: House pullonavaaja 21153445VT, Unit Price: 1,90 €, Comparison Price: 
Product: House purkinavaaja Max, Unit Price: 9,90 €, Comparison Price: 
Product: Fackelmann multiavaaja, Unit Price: 5,95 €, Comparison Price: 
Product: House pullonavaaja Kukkanen, Unit Price: 3,50 €, Comparison Price: 
Product: House leivontasetti Pörriäinen, Unit Price: 4,95 €, Comparison Price: 
Product: Apetit Kotimainen Peruna&keittokasvis pakaste 750g, Unit Price: 2,15 €, Comparison Price: 2,87 €/kg
Product: Kotimaista Keittojuurekset pakaste 200g, Unit Price: 0,49 €, Comparison Price: 2,45 €/kg
Product: Kotimaista Vihannessekoitus pakaste 250g, Unit Price: 0,65 €, Comparison Price: 2,60 €/kg
Product: Xtra broccoli mix pakaste 1 kg, Unit Price: 1,95 €, Comparison Price: 1,95 €/kg
Product: Apetit Kruunusekoitus vihannessekoitus pakaste 300g, Unit Price: 1,99 €, Comparison Price: 6,63 €/kg
Product: Apetit Herne-maissi-paprika pakaste 200g, Unit Price: 0,95 €, Comparison Price: 4,75 €/kg
Product: Apetit Kotimainen Keittojuures pakaste 200g, Unit Price: 0,62 €, Comparison Price: 3,10 €/kg
Product: Coop Taste of Asia wokvihannekset Thai 500 g pakaste, Unit Price: 1,45 €, Comparison Price: 2,90 €/kg
Product: Xtra wokmix vihannessekoitus pakaste 1 kg, Unit Price: 1,98 €, Comparison Price: 1,98 €/kg
Product: Apetit Kasvissuikaleet pakaste 250g, Unit Price: 0,99 €, Comparison Price: 3,96 €/kg
Product: Coop peruna ja keittojuurekset 750 g pakaste, Unit Price: 1,15 €, Comparison Price: 1,53 €/kg
Product: Coop herne-maissi-paprika 200 g pakaste, Unit Price: 0,65 €, Comparison Price: 3,25 €/kg
Product: Apetit Vihannessekoitus pakaste 250 g, Unit Price: 0,75 €, Comparison Price: 3,00 €/kg
Product: Apetit Sadonkorjuukasvikset kasvissekoitus pakaste 300g, Unit Price: 1,99 €, Comparison Price: 6,63 €/kg
Product: Cool-X Magnesium spray 100 ml, Unit Price: 15,95 €, Comparison Price: 
Product: Apetit Herne-maissi-porkkana pakaste 200g, Unit Price: 1,09 €, Comparison Price: 5,45 €/kg
Product: Coop keittojuurekset 450 g pakaste, Unit Price: 0,99 €, Comparison Price: 2,20 €/kg
Product: Findus Wok Classic Style 450g, pakaste, Unit Price: 2,95 €, Comparison Price: 6,56 €/kg
Product: Coop parsakaali-kukkakaali-porkkanasekoitus 750 g pakaste, Unit Price: 2,75 €, Comparison Price: 3,67 €/kg
Product: Apetit Puutarhurin sekoitus kasvissekoitus pakaste 300g, Unit Price: 1,99 €, Comparison Price: 6,63 €/kg
Product: Coop Taste of Asia wokvihannekset Malay 400 g pakaste, Unit Price: 0,99 €, Comparison Price: 2,47 €/kg
Product: Apetit Kotimainen Luomu Peruna & keittokasvis pakaste 750g, Unit Price: 2,89 €, Comparison Price: 3,85 €/kg
Product: Apetit Aurinkokasvikset kasvissekoitus pakaste 300g, Unit Price: 2,09 €, Comparison Price: 6,97 €/kg
Product: Apetit Suikalejuurekset pakaste 180g, Unit Price: 0,99 €, Comparison Price: 5,50 €/kg
Product: Apetit Kotimainen Wok Vihannekset pakaste 450g, Unit Price: 2,49 €, Comparison Price: 5,53 €/kg
Product: Sini puuvillakäsine valkoinen, Unit Price: 1,59 €, Comparison Price: 
Product: Xtra kertakäyttökäsineet M 100 kpl, Unit Price: 7,59 €, Comparison Price: 0,08 €/kpl
Product: Ben's Original Täysjyväriisi 1kg, Unit Price: 4,89 €, Comparison Price: 4,89 €/kg
Product: Rainbow pitkäjyväinen täysjyväriisi 1 kg, Unit Price: 2,19 €, Comparison Price: 2,19 €/kg
Product: Risella Täysjyväriisi 1kg, Unit Price: 3,25 €, Comparison Price: 3,25 €/kg
Product: Ben's Original Täysjyväriisi keitinpusseissa 4x125g, Unit Price: 3,19 €, Comparison Price: 6,38 €/kg
Product: Risella Jasmiiniriisi keitinpussissa 4x125g, Unit Price: 2,69 €, Comparison Price: 5,38 €/kg
Product: Meira Mustapippuri aromikas mylly 49g, Unit Price: 4,25 €, Comparison Price: 86,73 €/kg
Product: Supi sukkapidike 15kpl, Unit Price: 6,95 €, Comparison Price: 0,46 €/kpl
Product: Amalthia 260/140g Kalamata-oliivi kivetön, Unit Price: 2,29 €, Comparison Price: 16,36 €/kg
Product: Epinell Grillattua kilohailia oliiviöljyssä 140 g, Unit Price: 0,92 €, Comparison Price: 10,22 €/kg
Product: Gastromax pullasuti 19 cm, musta, Unit Price: 3,50 €, Comparison Price: 
Product: Shirataki 200g Spaghetti, Unit Price: 1,79 €, Comparison Price: 6,63 €/kg
Product: Valio Play® jogurtti 4x125 g vadelma laktoositon, Unit Price: 2,55 €, Comparison Price: 5,10 €/kg
Product: Valio Play® jogurtti 4x125 g mansikka laktoositon, Unit Price: 2,55 €, Comparison Price: 5,10 €/kg
Product: Valio Play® jogurtti 4x125 g banaani laktoositon, Unit Price: 2,55 €, Comparison Price: 5,10 €/kg
Product: Wrange rannesiteet Orange Tight, Unit Price: 14,95 €, Comparison Price: 
Product: Rainbow basmatiriisi 1 kg, Unit Price: 2,69 €, Comparison Price: 2,69 €/kg
Product: Rainbow 1kg Basmati & Jasmiiniriisi, Unit Price: 3,29 €, Comparison Price: 3,29 €/kg
Product: Xtra basmatiriisi 2 kg, Unit Price: 4,19 €, Comparison Price: 2,10 €/kg
Product: Risella Basmatiriisi 1kg, Unit Price: 4,39 €, Comparison Price: 4,39 €/kg
Product: Ben's Original Basmatiriisi 1kg, Unit Price: 5,69 €, Comparison Price: 5,69 €/kg
Product: Risella Basmatiriisi keitinpussissa 4x125g, Unit Price: 2,69 €, Comparison Price: 5,38 €/kg
Product: Änglamark basmatiriisi luomu 1 kg, Unit Price: 3,69 €, Comparison Price: 3,69 €/kg
Product: Ben's Original Basmatiriisi keitinpusseissa 8x125g, Unit Price: 7,35 €, Comparison Price: 7,35 €/kg
Product: URTEKRAM luomu Täysjyväbasmatiriisi 500g, Unit Price: 3,79 €, Comparison Price: 7,58 €/kg
Product: Gohar Royal Basmatiriisi 1kg, Unit Price: 3,79 €, Comparison Price: 3,79 €/kg
Product: GOHAR Steamed Basmatiriisi 1 kg, Unit Price: 3,79 €, Comparison Price: 3,79 €/kg
Product: Gohar 1121 Steamed Basmatiriisi 5 kg, Unit Price: 13,95 €, Comparison Price: 2,79 €/kg
Product: NBA DRV Plus 7, Unit Price: 22,95 €, Comparison Price: 
Product: Xtra Earl Grey tee 100 x 2 g, Unit Price: 2,80 €, Comparison Price: 14,00 €/kg
Product: Meira Mustapippuri kokonainen 60g, Unit Price: 2,19 €, Comparison Price: 36,50 €/kg
Product: KT-Tape Original kinesioteippi 5m, pinkki, Unit Price: 15,95 €, Comparison Price: 
Product: Wrange rannetuet Green Flex, Unit Price: 9,99 €, Comparison Price: 
Product: Sunmed kinesioteippi 5 cm x 5 m pinkki, Unit Price: 5,29 €, Comparison Price: 
Product: Sunmed itsekiinnittyvä tukiside 7,5 cm x 4,5 m camo vihreä, Unit Price: 3,99 €, Comparison Price: 
Product: Valio Plus™ rasvaton maito 1 l, Unit Price: 2,09 €, Comparison Price: 2,09 €/l
Product: Valio Plus™ kevytmaito 1 l, Unit Price: 2,25 €, Comparison Price: 2,25 €/l
Product: Arla Cafè maito 1 L UHT laktoositon, Unit Price: 2,09 €, Comparison Price: 2,09 €/l
Product: Valio kahvimaito 1 l laktoositon UHT, Unit Price: 2,75 €, Comparison Price: 2,75 €/l
Product: Valio Kiehu® maitojuoma 1 l, Unit Price: 2,39 €, Comparison Price: 2,39 €/l
Product: Valio kahvimaito 5 dl laktoositon, Unit Price: 1,69 €, Comparison Price: 3,38 €/l
Product: Valio Latte original maitokahvijuoma 1 l laktoositon, Unit Price: 2,69 €, Comparison Price: 2,69 €/l
Product: Valio Latte vanilla fudge maitokahvijuoma 1 l laktoositon, Unit Price: 2,69 €, Comparison Price: 2,69 €/l
Product: Erisan Hajusteeton Biohajoava Pyykinpesuneste 1.5l, Unit Price: 7,65 €, Comparison Price: 5,10 €/l
Product: Juustoportti Luomu vuohenmaito 1 l UHT, Unit Price: 4,99 €, Comparison Price: 4,99 €/l
Product: Rainbow Color Sensitive pyykinpesuneste värillisille tekstiileille 900 ml, Unit Price: 2,19 €, Comparison Price: 2,43 €/l
Product: MunSmoothie Omenan ja vaniljan makuinen välipalajuoma 300ml, Unit Price: 2,39 €, Comparison Price: 7,97 €/kg
Product: Omo Sensitive Nestemäinen pyykinpesuaine Hajusteeton 920 ml 23 pesua, Unit Price: 5,49 €, Comparison Price: 5,97 €/l
Product: Omo Color Sensitive Nestemäinen pyykinpesuaine Hajusteeton 920 ml 23 pesua, Unit Price: 5,49 €, Comparison Price: 5,97 €/l
Product: Erisan Hajusteeton Biohajoava Pyykinpesuneste 850ml, Unit Price: 4,89 €, Comparison Price: 5,75 €/l
Product: Rainbow Sensitive Color pyykinpesuneste värillisille tekstiileille, Unit Price: 2,49 €, Comparison Price: 2,49 €/l
Product: Bio Luvil Sensitive Color Pyykinpesuaine Hajusteeton 920 ml 23 pesua, Unit Price: 5,39 €, Comparison Price: 5,86 €/l
Product: Bio Luvil Color Pyykinpesuaine Värillisille vaatteille 920 ml 23 pesua, Unit Price: 5,39 €, Comparison Price: 5,86 €/l
Product: Omo Color Nestemäinen pyykinpesuaine Värillisille vaatteille 920 ml 23 pesua, Unit Price: 5,49 €, Comparison Price: 5,97 €/l
Product: Xtra Sensitive Color pyykinpesuneste 2 l, Unit Price: 2,85 €, Comparison Price: 1,43 €/l
Product: Iittala Teema syvä lautanen 21 cm, valkoinen, Unit Price: 17,50 €, Comparison Price: 
Product: Xtra alumiinifolio 29 cm x 20 m, Unit Price: 1,33 €, Comparison Price: 0,07 €/m
Product: House kulho Isla 16 cm, Unit Price: 5,50 €, Comparison Price: 
Product: Lumme Kirjopyykki Sensitive hajusteeton pyykinpesuneste 750ml, Unit Price: 3,89 €, Comparison Price: 5,19 €/l
Product: Rainbow alumiinifolio 29cmx15m, Unit Price: 1,89 €, Comparison Price: 0,13 €/m
Product: Iittala Teema kulho 15cm valkoinen, Unit Price: 15,90 €, Comparison Price: 
Product: LV 1,5l Color pyykinpesuneste täyttöpussi, Unit Price: 5,19 €, Comparison Price: 3,46 €/l
Product: Rainbow vahva alumiinifolio 40cmx10m, Unit Price: 2,09 €, Comparison Price: 0,21 €/m
Product: Bio Luvil Classic Pyykinpesuaine Valkoisille vaatteille 920 ML 23 pesua, Unit Price: 5,39 €, Comparison Price: 5,86 €/l
Product: GastroMax lautanen 19,5 cm syvä bio-muovi, Unit Price: 3,50 €, Comparison Price: 
Product: Rainbow Color pyykinpesuneste värillisille tekstiileille 900ml, Unit Price: 2,19 €, Comparison Price: 2,43 €/l
Product: GastroMax lautanen 19,5 cm syvä bio-muovi, Unit Price: 3,50 €, Comparison Price: 
Product: Fredman pursotinpussi 10kpl + suutin 3kpl, Unit Price: 3,39 €, Comparison Price: 0,34 €/kpl
Product: Fredman vahva alumiinifolio 40cmx6m, Unit Price: 3,15 €, Comparison Price: 0,53 €/m
Product: Fredman Amerikanmuffinsivuoka 24kpl, Unit Price: 3,29 €, Comparison Price: 0,14 €/kpl
Product: Fredman folio 30cmx20m, Unit Price: 3,59 €, Comparison Price: 0,18 €/m
Product: Fredman muffinsivuoka 100kpl, Unit Price: 1,59 €, Comparison Price: 0,02 €/kpl
Product: Rainbow muffinivuoka 200kpl, Unit Price: 2,75 €, Comparison Price: 0,01 €/kpl
Product: SAGA Folio, Unit Price: 4,69 €, Comparison Price: 0,23 €/m
Product: Rainbow Color pyykinpesuneste värillisille tekstiileille 1l, Unit Price: 2,49 €, Comparison Price: 2,49 €/l
Product: Fredman alumiinifolio 30cmx50m, Unit Price: 7,95 €, Comparison Price: 0,16 €/m
Product: House syvä lautanen Nelma 20 cm vihreä, Unit Price: 6,50 €, Comparison Price: 
Product: Spen kuppikakkuvuoka 25kpl, Unit Price: 1,89 €, Comparison Price: 0,08 €/kpl
Product: Gastromax raastin 21,5 cm, Unit Price: 6,90 €, Comparison Price: 
Product: Xtra Color pyykinpesuneste 2 l, Unit Price: 2,85 €, Comparison Price: 1,43 €/l
Product: Rainbow grillausalusta 28x22 cm 6 kpl, Unit Price: 2,25 €, Comparison Price: 0,38 €/kpl
Product: Omo Color Sensitive Pyykinpesuaine 2,6 L, Unit Price: 10,99 €, Comparison Price: 4,23 €/l
Product: Dr. Oetker Cupcake Mini vuoat 75kpl, Unit Price: 3,19 €, Comparison Price: 0,04 €/kpl
Product: Omo Color Pyykinpesuaine Värillisille vaatteille 2600 ml 65 pesua, Unit Price: 10,99 €, Comparison Price: 4,23 €/l
Product: House kulho Stella 14 cm, minttu, Unit Price: 5,50 €, Comparison Price: 
Product: House kananmunaleikkuri 21153449, Unit Price: 3,95 €, Comparison Price: 
Product: Moomin Arabia Finland Muumi kulho 15cm Piisamirotta luolassa, Unit Price: 23,95 €, Comparison Price: 
Product: Rainbow grillausalusta 34x23cm 4kpl, Unit Price: 1,99 €, Comparison Price: 0,50 €/kpl
Product: LV 1,5l Color Pyykinpesuneste, Unit Price: 5,99 €, Comparison Price: 3,99 €/l
Product: GastroMax kulho 3,5 L bio-muovi, Unit Price: 8,90 €, Comparison Price: 
Product: Lumme Kirjopyykki pyykinpesuneste 750ml, Unit Price: 3,89 €, Comparison Price: 5,19 €/l
Product: Spen muffinsvuoka paperia  7x5x2,5cm 100kpl, Unit Price: 1,59 €, Comparison Price: 0,02 €/kpl
Product: A+ 1600ml Color Joutsenmerkki pyykinpesuneste, Unit Price: 4,99 €, Comparison Price: 3,12 €/l
Product: Rainbow alumiinivuoka 0,85l 6kpl, Unit Price: 1,99 €, Comparison Price: 0,33 €/kpl
Product: House raastin, Unit Price: 5,95 €, Comparison Price: 
Product: Fredman paistovuoka 1,7l 3kpl, Unit Price: 3,19 €, Comparison Price: 1,06 €/kpl
Product: House lasipurkki Hertta 0,6 l, Unit Price: 2,95 €, Comparison Price: 
Product: Erisan Hajusteeton Kirjo Pyykinpesujauhe 1,5 kg, Unit Price: 6,69 €, Comparison Price: 4,46 €/kg
Product: Luminarc Cosmos kulho 20cm, Unit Price: 4,90 €, Comparison Price: 
Product: Daloplast kananmunaleikkuri, Unit Price: 5,50 €, Comparison Price: 
Product: House kulho Terttu 14 cm, Unit Price: 5,50 €, Comparison Price: 
Product: Fredman Iiris muffinsivuoka 24kpl, Unit Price: 3,69 €, Comparison Price: 0,15 €/kpl
Product: Gastromax valkosipulipuristin musta, Unit Price: 6,90 €, Comparison Price: 
Product: WAU! Pyykinpesuneste 1,5 L Sensitive, Unit Price: 2,89 €, Comparison Price: 1,93 €/l
Product: Finlayson Mittava kulho 0,4l, Unit Price: 6,50 €, Comparison Price: 
Product: House raastin säiliöllä, Unit Price: 3,50 €, Comparison Price: 
Product: GastroMax kulho 7 L bio-muovi, Unit Price: 15,50 €, Comparison Price: 
Product: Serto Hajusteeton Pyykinpesuneste 1,2L, Unit Price: 7,69 €, Comparison Price: 6,41 €/l
Product: House syvä lautanen Stella 22 cm, Unit Price: 7,95 €, Comparison Price: 
Product: Fredman grilli-ja paistovuoka Ø28cm 3kpl, Unit Price: 3,49 €, Comparison Price: 1,16 €/kpl
Product: Fredman pullavuoka 150kpl, Unit Price: 2,59 €, Comparison Price: 0,02 €/kpl
Product: Fredman Foliovuoka kannella 0,85l 5kpl, Unit Price: 3,09 €, Comparison Price: 0,62 €/kpl
Product: House lasipurkki Silo 0,9 l, Unit Price: 3,95 €, Comparison Price: 
Product: Saana 3,2l alumiinivuoka 3kpl, Unit Price: 4,59 €, Comparison Price: 1,53 €/kpl
Product: House perunasurvin Max 27,7 cm, Unit Price: 5,50 €, Comparison Price: 
Product: House kulho Isla 14 cm, Unit Price: 4,50 €, Comparison Price: 
Product: Rainbow alumiinivuoka pyöreä 4kpl, Unit Price: 1,85 €, Comparison Price: 0,46 €/kpl
Product: House kananmunaleikkuri ja -lohkoja, Unit Price: 6,90 €, Comparison Price: 
Product: Fredman iso piirasvuoka kartonkia Ø24cm 3kpl, Unit Price: 4,29 €, Comparison Price: 1,43 €/kpl
Product: House käsiraastin Oiva, hieno raaste, Unit Price: 6,95 €, Comparison Price: 
Product: House kulho Sointu 14 cm sininen, Unit Price: 6,95 €, Comparison Price: 
Product: Fredman Foliovuoka kannella 2l 3kpl, Unit Price: 2,99 €, Comparison Price: 1,00 €/kpl
Product: Dr. Oetker Design Muffinivuoat 50kpl, Unit Price: 3,19 €, Comparison Price: 0,06 €/kpl
Product: House käsiraastin Oiva, karkea raaste, Unit Price: 6,95 €, Comparison Price: 
Product: Fredman kartonkinen paistovuoka 1l 3 kpl, Unit Price: 3,49 €, Comparison Price: 1,16 €/kpl
Product: Fiskars kananmunaleikkuri Functional Form, Unit Price: 14,50 €, Comparison Price: 
Product: Rainbow alumiinivuoka 2 l 3 kpl, Unit Price: 2,05 €, Comparison Price: 0,68 €/kpl
Product: Finlayson kulho Mittava 8dl, Unit Price: 9,50 €, Comparison Price: 
Product: Fredman Lilja muffinsivuoka 45kpl, Unit Price: 4,99 €, Comparison Price: 0,11 €/kpl
Product: Iittala Teema lautanen syvä 21 cm vintage sininen, Unit Price: 17,50 €, Comparison Price: 
Product: Fackelmann vihannesleikkuri, Unit Price: 10,90 €, Comparison Price: 
Product: Rainbow alumiinivuoka 1,5l 4kpl, Unit Price: 2,39 €, Comparison Price: 0,60 €/kpl
Product: Iittala Taika lautanen syvä 20cm Sato, Unit Price: 28,50 €, Comparison Price: 
Product: House valkosipulipuristin Oiva, Unit Price: 9,50 €, Comparison Price: 
Product: Fredman piirasvuoka Ø18cm kartonkinen 3kpl, Unit Price: 3,49 €, Comparison Price: 1,16 €/kpl
Product: Arabia syvä lautanen 24h 18cm, Unit Price: 19,90 €, Comparison Price: 
Product: Fredman Eko leivontavuoka 120kpl, Unit Price: 2,79 €, Comparison Price: 0,02 €/kpl
Product: Kultakeramiikka Aito syvä lautanen valkoinen 20cm, Unit Price: 11,50 €, Comparison Price: 
Product: Rainbow alumiinivuoka 0,5l 8kpl, Unit Price: 2,09 €, Comparison Price: 0,26 €/kpl
Product: GastroMax taitettava raastin, Unit Price: 11,50 €, Comparison Price: 
Product: Fredman alumiinivuoka 20kpl, Unit Price: 2,55 €, Comparison Price: 0,13 €/kpl
Product: Fredman Foliovuoka kannella 0,5l 7kpl, Unit Price: 3,09 €, Comparison Price: 0,44 €/kpl
Product: House lasipurkki Silo 0,6 l, Unit Price: 2,95 €, Comparison Price: 
Product: Fredman Foliovuoka kannella 1,5l 4kpl, Unit Price: 2,89 €, Comparison Price: 0,72 €/kpl
Product: Fredman viinerivuoka 50kpl, Unit Price: 3,29 €, Comparison Price: 0,07 €/kpl
Product: House omenapora, Unit Price: 3,95 €, Comparison Price: 
Product: Coop grillausalusta 28x22 cm 6 kpl, Unit Price: 2,25 €, Comparison Price: 0,38 €/kpl
Product: Fits Alumiinifolio 15m, Unit Price: 1,89 €, Comparison Price: 
Product: Konvehtivuoka alumiini kulta 50 kpl, Unit Price: 3,95 €, Comparison Price: 0,08 €/kpl
Product: Cuisipro SGT deluxe dual -raastin 36,5 cm, Unit Price: 29,90 €, Comparison Price: 
Product: Fackelmann valkosipulipuristin Statement, Unit Price: 10,95 €, Comparison Price: 
Product: House spiraalileikkuri, Unit Price: 8,90 €, Comparison Price: 
Product: Konvehtivuoka alumiini punainen 50 kpl, Unit Price: 3,95 €, Comparison Price: 0,08 €/kpl
Product: House omenanlohkoja, Unit Price: 3,95 €, Comparison Price: 
Product: Spen kuppikakkuvuoka  cm 20kpl folio pinta, Unit Price: 2,69 €, Comparison Price: 0,13 €/kpl
Product: Fackelmann perunasurvin Statement, Unit Price: 8,50 €, Comparison Price: 
Product: Fredman konvehtivuoka  20kpl, Unit Price: 2,15 €, Comparison Price: 0,11 €/kpl
Product: Pipsa possu muffinssivuoka 25 kpl/pkt, Unit Price: 3,19 €, Comparison Price: 0,13 €/kpl
Product: Jonas valkosipulipuristin musta, Unit Price: 5,95 €, Comparison Price: 
Product: Bio Ecotime paistovuoka ja kansi 590ml 3kpl, Unit Price: 3,59 €, Comparison Price: 1,20 €/kpl
Product: House perunaprässi 3 reikälevyä, Unit Price: 13,50 €, Comparison Price: 
Product: House survin, Unit Price: 9,90 €, Comparison Price: 
Product: Maku Sosemylly 19 cm, Unit Price: 25,90 €, Comparison Price: 
Product: Sunmed itsekiinnittyvä tukiside 7,5 cm x 4,5 m camo pinkki, Unit Price: 3,99 €, Comparison Price: 
Product: Sunmed itsekiinnittyvä tukiside 7,5 cm x 4,5 m musta, Unit Price: 3,99 €, Comparison Price: 
Product: Sini pukupusseja 5kpl 70x160cm, Unit Price: 3,80 €, Comparison Price: 0,76 €/kpl
Product: Sini pukupusseja 5kpl 70x120cm, Unit Price: 2,80 €, Comparison Price: 0,56 €/kpl
Product: Sini pitkä pukupussi 150 x 60 cm, Unit Price: 6,70 €, Comparison Price: 
Product: Vaateripustin 8 kpl, Unit Price: 8,95 €, Comparison Price: 1,12 €/kpl
Product: House pukupussi 60 x 150 cm, Unit Price: 4,95 €, Comparison Price: 
Product: Sini lyhyt pukupussi 110 x 60 cm, Unit Price: 5,60 €, Comparison Price: 
Product: Cosatto tyhjiöpussi 40x50cm 2 KPL, Unit Price: 4,95 €, Comparison Price: 2,48 €/kpl
Product: Saima Henkari muovi valkoinen 10 kpl, Unit Price: 3,95 €, Comparison Price: 0,40 €/kpl
Product: Cosatto tyhjiöpussi 70x100cm, Unit Price: 5,95 €, Comparison Price: 
Product: House pukupussi 60 x 100 cm, Unit Price: 3,95 €, Comparison Price: 
Product: Palaset Olka henkari 3 kpl, musta, Unit Price: 3,95 €, Comparison Price: 1,32 €/kpl
Product: Cosatto tyhjiöpussi 80x110cm, Unit Price: 6,95 €, Comparison Price: 
Product: Henkari non-slip 5 kpl, Unit Price: 6,95 €, Comparison Price: 1,39 €/kpl
Product: Palaset kevytvaateripustin Olka 3kpl valkoinen, Unit Price: 3,95 €, Comparison Price: 1,32 €/kpl
Product: Lasten samettihenkari tähti 5 kpl, Unit Price: 2,95 €, Comparison Price: 0,59 €/kpl
Product: Cosatto setripuupalat, Unit Price: 8,95 €, Comparison Price: 
Product: House ripustinsetti 10kpl, Unit Price: 6,95 €, Comparison Price: 0,70 €/kpl
Product: Henkari välipuulla 3 kpl valkoinen, Unit Price: 4,95 €, Comparison Price: 1,65 €/kpl
Product: Palaset kevytvaateripustin Vega 3kpl musta, Unit Price: 4,95 €, Comparison Price: 1,65 €/kpl
Product: Lasten samettihenkari sydän 5 kpl, Unit Price: 2,95 €, Comparison Price: 0,59 €/kpl
Product: Sini täkkipussi 55x55x20cm, Unit Price: 6,95 €, Comparison Price: 
Product: Puuhenkari poikkipuulla, Unit Price: 1,95 €, Comparison Price: 
Product: Housuhenkari, Unit Price: 1,95 €, Comparison Price: 
Product: Henkari välipuulla 3 kpl musta, Unit Price: 4,95 €, Comparison Price: 1,65 €/kpl
Product: Selleri paloiteltu Hollanti, Unit Price: 0,70 €, Comparison Price: 4,69 €/kg
Product: Selleri, Unit Price: 2,09 €, Comparison Price: 3,49 €/kg
Product: Meira Kirjava strösseli 55g, Unit Price: 1,09 €, Comparison Price: 19,82 €/kg
Product: Dr. Oetker Sprinkles Mix -koristerakeet 120g, Unit Price: 2,75 €, Comparison Price: 22,92 €/kg
Product: Meira Purppura nonparelli 60g, Unit Price: 1,09 €, Comparison Price: 18,17 €/kg
Product: Meira Kirjava nonparelli 60g, Unit Price: 1,09 €, Comparison Price: 18,17 €/kg
Product: Coop koristerae sydän 55 g, Unit Price: 1,39 €, Comparison Price: 
Product: Coop koristeraemix 140 g, Unit Price: 1,69 €, Comparison Price: 
Product: Salliselta Kirjava sokeriströsseli 100g, Unit Price: 1,45 €, Comparison Price: 14,50 €/kg
Product: Coop koristerae kukka 55 g, Unit Price: 1,39 €, Comparison Price: 
Product: Rainbow strösseli satu mix 50g, Unit Price: 1,25 €, Comparison Price: 25,00 €/kg
Product: Kindly's Baking mini vaahtokarkit 150 g, Unit Price: 2,69 €, Comparison Price: 17,93 €/kg
Product: Salliselta Suklaarae 90g, Unit Price: 1,69 €, Comparison Price: 18,78 €/kg
Product: Salliselta Pehmeät hopeahelmet 80g, Unit Price: 1,79 €, Comparison Price: 22,38 €/kg
Product: Salliselta Sokeriströssli pinkki-lila 100g, Unit Price: 1,29 €, Comparison Price: 12,90 €/kg
Product: Salliselta Nonparelli moniväri 100g, Unit Price: 1,29 €, Comparison Price: 12,90 €/kg
Product: Coop koristerae dino 50 g, Unit Price: 1,39 €, Comparison Price: 
Product: Dr. Oetker Sprinkles Nonpareille koristerakeet 135g, Unit Price: 2,39 €, Comparison Price: 17,70 €/kg
Product: Dr. Oetker Soft Golden pearls koristerakeet 42 g, Unit Price: 2,59 €, Comparison Price: 61,67 €/kg
Product: Dr. Oetker Rainbow mix -koristerakeet 50 g, Unit Price: 2,29 €, Comparison Price: 45,80 €/kg
Product: Dr. Oetker 78g Sweetheart koristekuvio, Unit Price: 4,59 €, Comparison Price: 58,85 €/kg
Product: Meira Lakritsiströsseli 55g, Unit Price: 1,09 €, Comparison Price: 19,82 €/kg
Product: Dr. Oetker Soft silver pearls 45g -koristerakeet, Unit Price: 3,49 €, Comparison Price: 77,56 €/kg
Product: Salliselta Suklaaströsseli moniv. 100g, Unit Price: 1,69 €, Comparison Price: 16,90 €/kg
Product: Funcakes isot suklaapallot, pastellilajitelma 70g, Unit Price: 4,89 €, Comparison Price: 48,90 €/kg
Product: Confetti ylioppilaslakki, Unit Price: 3,25 €, Comparison Price: 
Product: Coop soija- ja vehnäproteiini hiutaleena sriracha 100 g, Unit Price: 1,50 €, Comparison Price: 15,00 €/kg
Product: Benecol 6x100g mustikka jogurttijuoma, Unit Price: 4,99 €, Comparison Price: 8,32 €/kg
Product: Benecol 6x100g mansikka jogurttijuoma, Unit Price: 4,99 €, Comparison Price: 8,32 €/kg
Product: Danone Activia Mansikkajogurtti 4x125g, Unit Price: 1,99 €, Comparison Price: 3,98 €/kg
Product: Valio Gefilus® OLO™ jogurtti 4x125 g luumu laktoositon, Unit Price: 2,79 €, Comparison Price: 5,58 €/kg
Product: Valio Gefilus® OLO™ jogurtti 4x125 g persikka-vadelma laktoositon, Unit Price: 2,79 €, Comparison Price: 5,58 €/kg
Product: Danone Activia Viljajogurtti 4x125g, Unit Price: 1,99 €, Comparison Price: 3,98 €/kg
Product: Danone Activia Mustikkajogurtti 4x125g, Unit Price: 2,39 €, Comparison Price: 4,78 €/kg
Product: Valio Gefilus® OLO™ jogurtti 4x125 g mansikka laktoositon, Unit Price: 2,79 €, Comparison Price: 5,58 €/kg
Product: Benecol 6x100g persikka jogurttijuoma, Unit Price: 5,19 €, Comparison Price: 8,65 €/kg
Product: Danone Activia Kirsikkajogurtti 4x125g, Unit Price: 2,39 €, Comparison Price: 4,78 €/kg
Product: Benecol 4x115g persikkajogurtti, Unit Price: 3,75 €, Comparison Price: 8,15 €/kg
Product: Danone Activia Mansikkajogurtti - Ei Lisättyä Sokeria 4x125g, Unit Price: 2,39 €, Comparison Price: 4,78 €/kg
Product: Benecol 450g maustamaton kreikkalaistyylinen jogurtti, Unit Price: 3,59 €, Comparison Price: 7,98 €/kg
Product: Danone Activia Persikkajogurtti - Ei Lisättyä Sokeria 4x125g, Unit Price: 2,39 €, Comparison Price: 4,78 €/kg
Product: Benecol 4x115g mansikkajogurtti, Unit Price: 3,75 €, Comparison Price: 8,15 €/kg
Product: Valio Gefilus® OLO™ jogurtti 4x125 g ananas-passio laktoositon, Unit Price: 2,79 €, Comparison Price: 5,58 €/kg
Product: Benecol 450g mango-passionhedelmä kreikkalaistyylinen jogurtti, Unit Price: 3,59 €, Comparison Price: 7,98 €/kg
Product: Danone Activia Sitruunajogurtti 4x125g, Unit Price: 2,39 €, Comparison Price: 4,78 €/kg
Product: Valio Gefilus® OLO™ jogurtti 4x125 g mustikka-vanilja laktoositon, Unit Price: 2,79 €, Comparison Price: 5,58 €/kg
Product: Indian cheese dip hot 300g, Unit Price: 2,99 €, Comparison Price: 9,97 €/kg
Product: Sunmed kinesioteippi 5 cm x 5 m sininen, Unit Price: 5,29 €, Comparison Price: 
Product: Coop Tagliatelle pasta 500 g, Unit Price: 1,99 €, Comparison Price: 3,98 €/kg
Product: Coop Tagliatelle pasta, sisältää kananmunaa 500 g, Unit Price: 2,09 €, Comparison Price: 4,18 €/kg
Product: Rummo Fettucce pasta  no 15 500g, Unit Price: 2,49 €, Comparison Price: 4,98 €/kg
Product: Liguori pasta di Gragnano IGP Spaghetti No.3 500g, Unit Price: 1,89 €, Comparison Price: 3,78 €/kg
Product: Xtra tagliatelle pasta 500 g, Unit Price: 1,45 €, Comparison Price: 2,90 €/kg
Product: Barilla Collezione Tagliatelle durumvehnästä valmistettu nauhapasta 500g, Unit Price: 3,65 €, Comparison Price: 7,30 €/kg
Product: Garofalo Tagliatelle durumvehnänauhamakaroni 500g, Unit Price: 3,20 €, Comparison Price: 6,40 €/kg
Product: Rummo Fettuccine all'uovo pasta no 94 250g, Unit Price: 3,25 €, Comparison Price: 13,00 €/kg
Product: Herkku Pappardelle a Nido durumpasta 500 g, Unit Price: 2,29 €, Comparison Price: 4,58 €/kg
Product: Barilla Collezione Pappardelle All Uovo durumvehnästä ja kanamunasta valmistettu pasta 250g, Unit Price: 2,09 €, Comparison Price: 8,36 €/kg
Product: Barilla Tagliatelle gluteeniton pasta 300g, Unit Price: 3,55 €, Comparison Price: 11,83 €/kg
Product: Barilla Tagliatelle con spinachi durumvehnästä valmistettu pinaattipasta 500g, Unit Price: 3,75 €, Comparison Price: 7,50 €/kg
Product: Rainbow 250g gluteeniton tagliatelle, Unit Price: 2,15 €, Comparison Price: 8,60 €/kg
Product: mjuuk heat protection lampösuojasuihke 250 ml, Unit Price: 6,49 €, Comparison Price: 25,96 €/l
Product: Biozell Professional Tuuheuttava suolasuihke 150ml, Unit Price: 6,59 €, Comparison Price: 43,93 €/l
Product: mjuuk volume mousse volyymivaahto 50 ml, Unit Price: 3,49 €, Comparison Price: 69,80 €/l
Product: mjuuk volume mousse volyymivaahto 250 ml, Unit Price: 6,49 €, Comparison Price: 25,96 €/l
Product: Revuele Tuuheuttava merisuola hiusspray 200ml, Unit Price: 2,99 €, Comparison Price: 14,95 €/l
Product: mjuuk dry texture spray rakennesuihke 250 ml, Unit Price: 6,49 €, Comparison Price: 25,96 €/l
Product: Wella Wellaflex Mousse Flexible Extra Strong Hold 4 muotovaahto 200 ml, Unit Price: 3,99 €, Comparison Price: 19,95 €/l
Product: Schwarzkopf Professional OSiS+ Dust It hiuspuuteri 10g, Unit Price: 9,49 €, Comparison Price: 949,00 €/kg
Product: Biozell Professional Keratiini Lämpö- ja muotoilusuihke 150ml, Unit Price: 6,79 €, Comparison Price: 45,27 €/l
Product: Ziaja antioxidant merisuolasuihke hiusten muotoiluun 90ml, Unit Price: 4,19 €, Comparison Price: 46,56 €/l
Product: L'Oréal Paris Studio Line Go Create Ultra-Precise Spray ultravoimakas muotoilusuihke, 8/10 150ml, Unit Price: 4,49 €, Comparison Price: 29,93 €/l
Product: XZ 150ml Kampaus- ja muotoilusuihke, Unit Price: 4,39 €, Comparison Price: 29,27 €/l
Product: Erisan Hajusteeton Muotovaahto Extra Strong 200 ml, Unit Price: 4,29 €, Comparison Price: 21,45 €/l
Product: OSIS+ Grip Voimakas muotovaahto 200ml, Unit Price: 9,49 €, Comparison Price: 47,45 €/l
Product: got2b Powderful Volumizing Styling Powder hiuspuuteri 10g, Unit Price: 5,89 €, Comparison Price: 589,00 €/kg
Product: LV 150ml Muotovaahto, Unit Price: 3,89 €, Comparison Price: 25,93 €/l
Product: Wella Wellaflex 200ml Ultra Strong mousse, Unit Price: 4,99 €, Comparison Price: 24,95 €/l
Product: Herbina 200ml Volume muotovaahto, Unit Price: 3,95 €, Comparison Price: 19,75 €/l
Product: Wella Classic 200ml Extra Strong muotovaahto, Unit Price: 3,79 €, Comparison Price: 18,95 €/l
Product: Schwarzkopf Taft Volume muotovaahto 150 ml, Unit Price: 3,99 €, Comparison Price: 26,60 €/l
Product: TRESemmé Heat Defence Lämpösuojasuihke 230°C asti 300 ml, Unit Price: 8,95 €, Comparison Price: 29,83 €/l
Product: XZ 150ml Muotoilusuihke 4-in-1, Unit Price: 5,19 €, Comparison Price: 34,60 €/l
Product: Herbina 200ml Texture rakennesuihke, Unit Price: 4,95 €, Comparison Price: 24,75 €/l
Product: Herbina 50ml Hajusteeton muotovaahto, Unit Price: 2,15 €, Comparison Price: 43,00 €/l
Product: Schweppes Indian Tonic virvoitusjuoma tölkki 0,33 L, Unit Price: 1,79 €, Comparison Price: 4,97 €/l
Product: Schweppes Ginger Ale virvoitusjuoma tölkki 0,33 L, Unit Price: 1,79 €, Comparison Price: 4,97 €/l
Product: Schweppes Indian Tonic virvoitusjuoma muovipullo 1,5 L, Unit Price: 4,49 €, Comparison Price: 2,73 €/l
Product: Muteman Premium Ginger Beer 0,275 l klp, Unit Price: 1,85 €, Comparison Price: 6,36 €/l
Product: Rainbow Tonic virvoitusjuoma 1,5l, Unit Price: 2,79 €, Comparison Price: 1,59 €/l
Product: Brewers Indian Tonic Sugarfree 0,33l, Unit Price: 1,49 €, Comparison Price: 4,06 €/l
Product: Schweppes Russchian 150 cl KMP virvoitusjuoma, Unit Price: 4,49 €, Comparison Price: 2,73 €/l
Product: Rainbow 100g pikakahvi, Unit Price: 2,95 €, Comparison Price: 29,50 €/kg
Product: Fever-Tree Premium Indian Tonic Water 200ml, Unit Price: 1,99 €, Comparison Price: 9,45 €/l
Product: Nescafé Brasero 100g pikakahvi, Unit Price: 3,15 €, Comparison Price: 31,50 €/kg
Product: Rainbow Tonic Light virvoitusjuoma 1,5l, Unit Price: 2,49 €, Comparison Price: 1,39 €/l
Product: Nescafé Original 100g pikakahvi, Unit Price: 3,79 €, Comparison Price: 37,90 €/kg
Product: Muteman Premium Mixer Bitter Grapefruits 0,275 l klp, Unit Price: 1,85 €, Comparison Price: 6,36 €/l
Product: Rainbow 100g Reilun kaupan pikakahvi luomu, Unit Price: 3,19 €, Comparison Price: 31,90 €/kg
Product: Brabe kombucha minttu & lime 250ml Porvoosta, Unit Price: 3,20 €, Comparison Price: 12,80 €/l
Product: Nescafé Kulta 180g pikakahvi täyttöpussi, Unit Price: 7,65 €, Comparison Price: 42,50 €/kg
Product: Muteman Premium Indian Tonic vesi 0,275 l klp, Unit Price: 1,85 €, Comparison Price: 6,36 €/l
Product: Xtra pikakahvi 200 g, Unit Price: 3,99 €, Comparison Price: 19,95 €/kg
Product: Brabe kombucha kirsikka 250ml Porvoosta, Unit Price: 3,20 €, Comparison Price: 12,80 €/l
Product: Nescafé Kulta 275g pikakahvi pussi, Unit Price: 11,29 €, Comparison Price: 41,05 €/kg
Product: Fever-Tree Naturally Light Tonic Water 500ml, Unit Price: 4,19 €, Comparison Price: 8,18 €/l
Product: Änglamark pikakahvi kofeiiniton luomu 100 g, Unit Price: 4,39 €, Comparison Price: 43,90 €/kg
Product: Nescafé Kulta 100g pikakahvi, Unit Price: 4,99 €, Comparison Price: 49,90 €/kg
Product: Nescafé Brasero 180g pikakahvi pussi, Unit Price: 5,69 €, Comparison Price: 31,61 €/kg
Product: Clipper Luomu Reilun kaupan Pakastekuivattu pikakahvi, keskipaahto 100g, Unit Price: 6,39 €, Comparison Price: 63,90 €/kg
Product: Nescafé Classic 3in1 10kpl/165g erikoispikakahvi annospussi, Unit Price: 3,50 €, Comparison Price: 21,21 €/kg
Product: Meira Kirjava strösseli 55g, Unit Price: 1,09 €, Comparison Price: 19,82 €/kg
Product: Nescafé Kulta 100g Tumma paahto pikakahvi purkki, Unit Price: 4,99 €, Comparison Price: 49,90 €/kg
Product: Dr. Oetker Sprinkles Mix -koristerakeet 120g, Unit Price: 2,75 €, Comparison Price: 22,92 €/kg
Product: Nescafé Original 180g pikakahvi täyttöpussi, Unit Price: 6,79 €, Comparison Price: 37,72 €/kg
Product: Coop koristerae sydän 55 g, Unit Price: 1,39 €, Comparison Price: 
Product: Xtra pikacappuccino juomavalmiste 250 g, Unit Price: 2,45 €, Comparison Price: 9,80 €/kg
Product: Meira Kirjava nonparelli 60g, Unit Price: 1,09 €, Comparison Price: 18,17 €/kg
Product: Pikakahvi freeze-dried 2g pussi - 50 pussia/laatikko, Unit Price: 0,20 €, Comparison Price: 100,00 €/kg
Product: Meira Purppura nonparelli 60g, Unit Price: 1,09 €, Comparison Price: 18,17 €/kg
Product: Kulta Katriina pikakahvi RAC 100g, Unit Price: 4,30 €, Comparison Price: 43,00 €/kg
Product: Kulta Katriina pikakahvi RAC 180g, Unit Price: 6,85 €, Comparison Price: 38,06 €/kg
Product: Coop koristeraemix 140 g, Unit Price: 1,69 €, Comparison Price: 
Product: Nescafé Kulta 200g pikakahvi, Unit Price: 9,15 €, Comparison Price: 45,75 €/kg
Product: Coop koristerae kukka 55 g, Unit Price: 1,39 €, Comparison Price: 
Product: Salliselta Kirjava sokeriströsseli 100g, Unit Price: 1,45 €, Comparison Price: 14,50 €/kg
Product: Nescafé Gold 100g kofeiiniton pikakahvi, Unit Price: 6,65 €, Comparison Price: 66,50 €/kg
Product: Rainbow strösseli satu mix 50g, Unit Price: 1,25 €, Comparison Price: 25,00 €/kg
Product: Carrefour Bio Café soluble Amérique Latine Pur Arabica pikakahvi 100 g, Unit Price: 4,90 €, Comparison Price: 49,00 €/kg
Product: Kindly's Baking mini vaahtokarkit 150 g, Unit Price: 2,69 €, Comparison Price: 17,93 €/kg
Product: Jacobs Krönung 100 g, pakastekuivattu pikakahvi lasipurkissa, Unit Price: 5,45 €, Comparison Price: 54,50 €/kg
Product: Salliselta Suklaarae 90g, Unit Price: 1,69 €, Comparison Price: 18,78 €/kg
Product: Löfbergs Fair Fresh Instant pikakahvi 100 g Reilukauppa Luomu, Unit Price: 6,89 €, Comparison Price: 68,90 €/kg
Product: Coop koristerae dino 50 g, Unit Price: 1,39 €, Comparison Price: 
Product: Nescafé 225g Cappuccino erikoispikakahvi, Unit Price: 4,39 €, Comparison Price: 19,51 €/kg
Product: Salliselta Nonparelli moniväri 100g, Unit Price: 1,29 €, Comparison Price: 12,90 €/kg
Product: Salliselta Pehmeät hopeahelmet 80g, Unit Price: 1,79 €, Comparison Price: 22,38 €/kg
Product: Dr. Oetker Soft Golden pearls koristerakeet 42 g, Unit Price: 2,59 €, Comparison Price: 61,67 €/kg
Product: Confetti ylioppilaslakki, Unit Price: 3,25 €, Comparison Price: 
Product: Dr. Oetker Rainbow mix -koristerakeet 50 g, Unit Price: 2,29 €, Comparison Price: 45,80 €/kg
Product: Meira Lakritsiströsseli 55g, Unit Price: 1,09 €, Comparison Price: 19,82 €/kg
Product: Dr. Oetker Football kit -koristelusetti 135g, Unit Price: 5,75 €, Comparison Price: 42,59 €/kg
Product: Dr. Oetker Pastel Flirt -koristerakeet 50g, Unit Price: 1,79 €, Comparison Price: 35,80 €/kg
Product: Salliselta Suklaaströsseli 100g, Unit Price: 1,69 €, Comparison Price: 16,90 €/kg
Product: Dr. Oetker Soft silver pearls 45g -koristerakeet, Unit Price: 3,49 €, Comparison Price: 77,56 €/kg
Product: Dr. Oetker 78g Sweetheart koristekuvio, Unit Price: 4,59 €, Comparison Price: 58,85 €/kg
Product: Salliselta Sokeriströssli pinkki-lila 100g, Unit Price: 1,29 €, Comparison Price: 12,90 €/kg
Product: Risella Täysjyväpikariisi 800g, Unit Price: 2,95 €, Comparison Price: 3,69 €/kg
Product: Risella Pikariisi 10 min 1kg, Unit Price: 2,75 €, Comparison Price: 2,75 €/kg
Product: Rainbow 1kg täysjyväpikariisi, Unit Price: 2,99 €, Comparison Price: 2,99 €/kg
Product: Riso Scotti valmis musta täysjyväriisi, Unit Price: 2,35 €, Comparison Price: 10,22 €/kg
Product: House paistinlasta, Unit Price: 3,90 €, Comparison Price: 
Product: GastroMax paistinlasta 31,5 cm musta, Unit Price: 3,95 €, Comparison Price: 
Product: GastroMax kauha koko M, Unit Price: 3,20 €, Comparison Price: 
Product: GastroMax kauha koko M, Unit Price: 3,20 €, Comparison Price: 
Product: House paistinlasta reiällinen Neo 32 cm, Unit Price: 4,50 €, Comparison Price: 
Product: Fiskars Functional Form lasta, Unit Price: 11,50 €, Comparison Price: 
Product: GastroMax kauha 30 cm, Unit Price: 3,50 €, Comparison Price: 
Product: GastroMax kauha koko L, Unit Price: 3,50 €, Comparison Price: 
Product: GastroMax kauha 27 cm, Unit Price: 2,90 €, Comparison Price: 
Product: GastroMax kauha 22 cm, Unit Price: 2,70 €, Comparison Price: 
Product: GastroMax kauha koko S, Unit Price: 2,95 €, Comparison Price: 
Product: House reikäkauha, Unit Price: 7,90 €, Comparison Price: 
Product: GastroMax kauha 22 cm, Unit Price: 2,70 €, Comparison Price: 
Product: GastroMax kauha koko S, Unit Price: 2,95 €, Comparison Price: 
Product: GastroMax kauha 27 cm, Unit Price: 2,90 €, Comparison Price: 
Product: GastroMax kauha koko M, Unit Price: 3,20 €, Comparison Price: 
Product: GastroMax kauha koko S, Unit Price: 2,95 €, Comparison Price: 
Product: House pihdit 21153416VT, Unit Price: 4,50 €, Comparison Price: 
Product: GastroMax kauha koko L, Unit Price: 3,50 €, Comparison Price: 
Product: GastroMax kauha koko L, Unit Price: 3,50 €, Comparison Price: 
Product: House sekoituslusikka Neo 29,4 cm, Unit Price: 4,50 €, Comparison Price: 
Product: Fackelmann pihdit Basic, Unit Price: 6,50 €, Comparison Price: 
Product: House sekoituslusikka Max 34,3 cm, Unit Price: 5,50 €, Comparison Price: 
Product: GastroMax kauha 30 cm, Unit Price: 3,50 €, Comparison Price: 
Product: Hätälä Hunajainen Lohisuikale 300g, Unit Price: 6,29 €, Comparison Price: 20,97 €/kg
Product: Cavi-art merilevävalmiste,punainen,170g.Vegaaninen tuote, Unit Price: 3,59 €, Comparison Price: 21,12 €/kg
Product: Disas Kirjolohenmäti 100g, Unit Price: 7,50 €, Comparison Price: 75,00 €/kg
Product: Cavi-Art merilev.musta 170 g. Vegaaninen tuote., Unit Price: 3,59 €, Comparison Price: 21,12 €/kg
Product: Disas Kirjolohenmäti 250g, Unit Price: 16,90 €, Comparison Price: 67,60 €/kg
Product: Risella Puuroriisi 1kg, Unit Price: 2,59 €, Comparison Price: 2,59 €/kg
Product: Rainbow 1kg puuroriisi, Unit Price: 1,99 €, Comparison Price: 1,99 €/kg
Product: Xtra puuroriisi 1 kg, Unit Price: 1,79 €, Comparison Price: 1,79 €/kg
Product: Myllyn Paras Puuroriisi 1kg, Unit Price: 2,79 €, Comparison Price: 2,79 €/kg
Product: Risella Tumma puuroriisi 1kg, Unit Price: 2,95 €, Comparison Price: 2,95 €/kg
Product: Myllyn Paras Puuroriisi 500g, Unit Price: 1,69 €, Comparison Price: 3,38 €/kg
Product: Meira Muskottipähkinä jauhettu 23g, Unit Price: 1,79 €, Comparison Price: 77,83 €/kg
Product: Bolsius Lyhtykynttilä 3,5 Valkoinen, Unit Price: 1,59 €, Comparison Price: 
Product: Rainbow lyhtykynttilä valkoinen 5 kpl 15 h, Unit Price: 1,19 €, Comparison Price: 0,24 €/kpl
Product: Rainbow pieni lyhtykynttilä 15kpl valkoinen, Unit Price: 3,95 €, Comparison Price: 0,26 €/kpl
Product: Rainbow lyhtykynttilä 4kpl valkoinen, Unit Price: 1,59 €, Comparison Price: 0,40 €/kpl
Product: Havi hautakynttilä refill 6kpl 24h, Unit Price: 7,25 €, Comparison Price: 1,21 €/kpl
Product: Havi Pihavalkea 13cm 1kpl 9 h, Unit Price: 3,95 €, Comparison Price: 
Product: Xtra ulkotuli 4 kpl, Unit Price: 3,29 €, Comparison Price: 0,82 €/kpl
Product: Rainbow iso ulkotuli 8-10h, Unit Price: 2,55 €, Comparison Price: 
Product: Puutarhakynttilä 2kpl lajitelma, Unit Price: 2,85 €, Comparison Price: 1,43 €/kpl
Product: Ulkokynttilä foliossa vaal.vihreä 2 kpl, Unit Price: 3,65 €, Comparison Price: 1,83 €/kpl
Product: Ulkokynttilä foliossa pinkki 2 kpl, Unit Price: 3,65 €, Comparison Price: 1,83 €/kpl
Product: Ulkokynttilä foliossa lime 2 kpl, Unit Price: 3,65 €, Comparison Price: 1,83 €/kpl
Product: Ulkokynttilä ämpärissä w/lid 20 h pinkki, Unit Price: 12,50 €, Comparison Price: 
Product: Ulkokynttilä ämpärissä w/lid 20 h vaal.vihreä, Unit Price: 12,50 €, Comparison Price: 
Product: Ulkokynttilä ämpärissä w/lid 20 h sininen, Unit Price: 12,50 €, Comparison Price: 
Product: Ulkokynttilä ämpärissä w/lid 20 h lime, Unit Price: 12,50 €, Comparison Price: 
Product: Rainbow pakattu parsakaali 300 g, Unit Price: 0,99 €, Comparison Price: 3,30 €/kg
Product: Rainbow pakattu kukkakaali, Unit Price: 2,70 €, Comparison Price: 4,19 €/kg
Product: Varhaiskaali, Unit Price: 1,99 €, Comparison Price: 1,99 €/kg
Product: Bimi Varsiparsakaali 200g, Unit Price: 1,99 €, Comparison Price: 9,95 €/kg
Product: Pakattu parsakaali 300g luomu, Unit Price: 1,49 €, Comparison Price: 4,97 €/kg
Product: Kukkakaali 300g luomu, Unit Price: 3,29 €, Comparison Price: 9,40 €/kg
Product: Keräkaali, Unit Price: 3,21 €, Comparison Price: 1,29 €/kg
Product: Kotimaista pakattu kaalipala, Unit Price: 1,15 €, Comparison Price: 2,29 €/kg
Product: Keräkaali luomu, Unit Price: 4,36 €, Comparison Price: 2,69 €/kg
Product: Punakaali irto, Unit Price: 3,22 €, Comparison Price: 1,79 €/kg
Product: Kotimaista pieni keräkaali 1kg, Unit Price: 2,39 €, Comparison Price: 2,39 €/kg
Product: Ruusukaali 300 g, Unit Price: 2,19 €, Comparison Price: 7,30 €/kg
Product: Lehtikaali 100g, Unit Price: 2,89 €, Comparison Price: 28,90 €/kg
Product: Varpio Lehtikaali, Unit Price: 2,15 €, Comparison Price: 11,94 €/kg
Product: Lehtikaali 300g Luomu, Unit Price: 2,39 €, Comparison Price: 7,97 €/kg
Product: Pirteä Paksoi 200g Suomi, Unit Price: 3,19 €, Comparison Price: 15,95 €/kg
Product: Tuorekset Kukkakaalimuru 300g, Unit Price: 2,89 €, Comparison Price: 9,63 €/kg
Product: Keräkaali, Unit Price: 2,58 €, Comparison Price: 1,29 €/kg
Product: Snellman Kevyt kotimainen meetvursti viipaleet 200g, Unit Price: 2,99 €, Comparison Price: 14,95 €/kg
Product: Snellman Kotimainen meetvursti 220g, Unit Price: 2,99 €, Comparison Price: 13,59 €/kg
Product: HK Ohuen Ohut Ultrakevyt Meetvursti 9% 100 g, Unit Price: 3,25 €, Comparison Price: 32,50 €/kg
Product: Coop meetvursti 200 g, Unit Price: 1,82 €, Comparison Price: 9,10 €/kg
Product: Snellman Pepperoni viipaloitu 100g, Unit Price: 2,55 €, Comparison Price: 25,50 €/kg
Product: Xtra Meetvursti 500g, Unit Price: 3,79 €, Comparison Price: 7,58 €/kg
Product: HK Ohuen ohut Milanon salami 150 g, Unit Price: 3,39 €, Comparison Price: 22,60 €/kg
Product: Coop kevyt meetvursti 200 g, Unit Price: 2,36 €, Comparison Price: 11,80 €/kg
Product: Snellman Ohuen ohut meetvursti 100g, Unit Price: 2,95 €, Comparison Price: 29,50 €/kg
Product: Snellman Kevyt kalkkunameetvursti 130g, Unit Price: 4,69 €, Comparison Price: 36,08 €/kg
Product: Coop pippurimeetvursti 150 g, Unit Price: 1,87 €, Comparison Price: 12,47 €/kg
Product: Snellman Voileipämeetvursti 200g, Unit Price: 4,55 €, Comparison Price: 22,75 €/kg
Product: Kariniemen Kalkkunameetvursti 125 g, Unit Price: 3,79 €, Comparison Price: 30,32 €/kg
Product: Snellman Pippurinen meetvursti viipaleet 120g, Unit Price: 3,49 €, Comparison Price: 29,08 €/kg
Product: Kotivara Pepperonisalami 100 g, Unit Price: 2,79 €, Comparison Price: 27,90 €/kg
Product: HK Ohuen ohut Louisianan salami 150 g, Unit Price: 3,39 €, Comparison Price: 22,60 €/kg
Product: Coop pepperoni siivuina 150 g, Unit Price: 2,39 €, Comparison Price: 15,93 €/kg
Product: Kariniemen Kalkkunapepperoni 125 g, Unit Price: 3,79 €, Comparison Price: 30,32 €/kg
Product: Kevyt linja meetvursti 100 g, Unit Price: 3,79 €, Comparison Price: 37,90 €/kg
Product: HK Ohuen ohut Saaristolaismeetvursti 150 g, Unit Price: 3,39 €, Comparison Price: 22,60 €/kg
Product: Delizie in Tavola 90g Salami Napoli leikkele, Unit Price: 3,39 €, Comparison Price: 37,67 €/kg
Product: Snellman 200g Kotimainen valkosipulimeetvursti viipaleet, Unit Price: 3,19 €, Comparison Price: 15,95 €/kg
Product: Cavazzuti Salami Milano 100g, Unit Price: 2,99 €, Comparison Price: 29,90 €/kg
Product: Huhtahyvät meetvursti 350 g, Unit Price: 4,69 €, Comparison Price: 13,40 €/kg
Product: Teloon pöytätennispallo 6 kpl, Unit Price: 2,49 €, Comparison Price: 0,42 €/kpl
Product: Stiga Cup pöytätennispallot 12 kpl / ltk, Unit Price: 9,95 €, Comparison Price: 0,83 €/kpl
Product: Stiga Perform *** pöytätennispallot 6 kpl / lkt, Unit Price: 12,95 €, Comparison Price: 2,16 €/kpl
Product: Stiga Sonic pöytätennissetti 2 mailaa ja 3 palloa, Unit Price: 22,95 €, Comparison Price: 
Product: Teloon pöytätennissetti F1006, Unit Price: 7,99 €, Comparison Price: 
Product: GameCraft sulkapallo 3 kpl nylon, Unit Price: 3,45 €, Comparison Price: 1,15 €/kpl
Product: GameCraft sulkapallosetti Hobby 2, Unit Price: 14,95 €, Comparison Price: 
Product: Wilson Championship sulkapallo 6kpl, Unit Price: 11,95 €, Comparison Price: 1,99 €/kpl
Product: Yonex Mavis 350 sulkapallo, Unit Price: 17,95 €, Comparison Price: 2,99 €/kpl
Product: Wilson Tennismaila Fusion XL, Unit Price: 34,95 €, Comparison Price: 
Product: FZ FORZA DYNAMIC 10 Badminton racket, Unit Price: 24,95 €, Comparison Price: 
Product: Wilson Championship sulkapallo 6kpl, Unit Price: 11,95 €, Comparison Price: 1,99 €/kpl
Product: Yonex Mavis 350 sulkapallo, Unit Price: 17,95 €, Comparison Price: 2,99 €/kpl
Product: GameCraft sulkapallosetti Garden 4, Unit Price: 29,95 €, Comparison Price: 
Product: Wilson Championship sulkapallo 6kpl, Unit Price: 11,95 €, Comparison Price: 1,99 €/kpl
Product: GameCraft sulkapallomaila alumiini-hiilikuitu Winner, Unit Price: 12,95 €, Comparison Price: 
Product: Yonex Mavis 2000 sulkapallo, Unit Price: 19,95 €, Comparison Price: 3,33 €/kpl
Product: FZ FORZA SULKAPALLOMAILAN PAKSU GRIP, Unit Price: 8,45 €, Comparison Price: 4,22 €/kpl
Product: FZ Forza sulkapallogrippi musta, Unit Price: 8,45 €, Comparison Price: 4,22 €/kpl
Product: Wilson sulkapallosetti kahdelle, Unit Price: 26,95 €, Comparison Price: 
Product: Wilson Club luonnonsulka 12kpl, Unit Price: 25,95 €, Comparison Price: 
Product: Yonex Mavis 10 sulkapallo, Unit Price: 6,99 €, Comparison Price: 2,33 €/kpl
Product: Stiga Champ pöytätennisverkko, Unit Price: 24,95 €, Comparison Price: 
Product: FZ Forza sulkapallogrippi super musta, Unit Price: 8,45 €, Comparison Price: 2,82 €/kpl
Product: Xtra jälkiruokahaarukka 6 kpl, Unit Price: 5,25 €, Comparison Price: 0,88 €/kpl
Product: Xtra ruokahaarukka 6 kpl, Unit Price: 5,95 €, Comparison Price: 0,99 €/kpl
Product: L ATERIMET MUUMI 2KPL, Unit Price: 10,50 €, Comparison Price: 5,25 €/kpl
Product: Xtra ruokalusikka 6kpl, Unit Price: 5,95 €, Comparison Price: 0,99 €/kpl
Product: Xtra kakkulapio, Unit Price: 5,25 €, Comparison Price: 
Product: House syömäpuikot 5 paria, Unit Price: 5,90 €, Comparison Price: 0,59 €/kpl
Product: Hackman Savonia ruokahaarukka 6kpl, Unit Price: 25,50 €, Comparison Price: 4,25 €/kpl
Product: Xtra kahvilusikka 6 kpl, Unit Price: 5,25 €, Comparison Price: 0,88 €/kpl
Product: House kahvilusikka Scandic 6 kpl, Unit Price: 6,90 €, Comparison Price: 1,15 €/kpl
Product: Xtra ruokaveitsi 3 kpl, Unit Price: 5,95 €, Comparison Price: 1,98 €/kpl
Product: House ruokahaarukka Scandic 6 kpl, Unit Price: 9,50 €, Comparison Price: 1,58 €/kpl
Product: House ruokahaarukka Leo 4 kpl, Unit Price: 8,50 €, Comparison Price: 2,13 €/kpl
Product: Hackman Carelia ruokahaarukka 2kpl, Unit Price: 22,50 €, Comparison Price: 11,25 €/kpl
Product: Moomin Arabia Hackman Muumi lasten aterinsetti Perhe 4-osainen, Unit Price: 39,90 €, Comparison Price: 
Product: Hackman Savonia kahvilusikka 6kpl, Unit Price: 18,90 €, Comparison Price: 3,15 €/kpl
Product: Hackman Savonia teelusikka 6kpl, Unit Price: 24,50 €, Comparison Price: 4,08 €/kpl
Product: Hackman Savonia ruokalusikka 6kpl, Unit Price: 25,50 €, Comparison Price: 4,25 €/kpl
Product: House ruokaveitsi Scandic 3 kpl, Unit Price: 6,90 €, Comparison Price: 2,30 €/kpl
Product: House ruokaveitsi Leo 4 kpl, Unit Price: 8,90 €, Comparison Price: 2,23 €/kpl
Product: House aterinsetti Soprano 16 kpl, Unit Price: 19,90 €, Comparison Price: 1,24 €/kpl
Product: Hackman Savonia jäätelölusikka 4kpl, Unit Price: 18,90 €, Comparison Price: 4,72 €/kpl
Product: House tarjoilupihdit, Unit Price: 5,50 €, Comparison Price: 
Product: House tarjoiluottimet 2 kpl, Unit Price: 5,90 €, Comparison Price: 2,95 €/kpl
Product: House ruokalusikka Scandic 6 kpl, Unit Price: 9,50 €, Comparison Price: 1,58 €/kpl
Product: GastroMax vatkauskulho 1,5 L, Unit Price: 2,95 €, Comparison Price: 
Product: GastroMax vatkauskulho 3 L, Unit Price: 3,95 €, Comparison Price: 
Product: GastroMax vatkauskulho 3 L salvianvihreä Bio, Unit Price: 4,50 €, Comparison Price: 
Product: House teräskulho kannella 2,8 l, Unit Price: 13,90 €, Comparison Price: 
Product: Xtra teräskulho 26 cm, Unit Price: 5,65 €, Comparison Price: 
Product: Gastromax taikinakulho kannella 3l valkoinen, Unit Price: 4,95 €, Comparison Price: 
Product: GastroMax leivontakulho 0,8 L kirkas, Unit Price: 3,95 €, Comparison Price: 
Product: Xtra teräskulho 20 cm, Unit Price: 3,75 €, Comparison Price: 
Product: GastroMax vatkauskulho 1,5 L salvianvihreä Bio, Unit Price: 3,50 €, Comparison Price: 
Product: House vatkauskulho non-slip 4l, Unit Price: 6,95 €, Comparison Price: 
Product: Gastromax taikinakulho kannella 8l valkoinen, Unit Price: 8,95 €, Comparison Price: 
Product: Daloplast vatkauskulho non-slip 2,5l, Unit Price: 4,95 €, Comparison Price: 
Product: Nordiska Plast vatkauskulho 3,0 l valkoinen, Unit Price: 3,95 €, Comparison Price: 
Product: Daloplast kulho 3,5 l, erilaisia, Unit Price: 3,95 €, Comparison Price: 
Product: GastroMax leivontakulho 3 L kirkas, Unit Price: 7,95 €, Comparison Price: 
Product: House teräskulho kannella 1,4 l, Unit Price: 10,90 €, Comparison Price: 
Product: Rotho leivontakulhosetti Fresh, Unit Price: 12,90 €, Comparison Price: 
Product: Pyrex lasikulho 2 l Classic, Unit Price: 8,95 €, Comparison Price: 
Product: Nordiska Plast vatkauskulho 5,5 l valkoinen, Unit Price: 4,95 €, Comparison Price: 
Product: Daloplast kulho 2,3 l, erilaisia, Unit Price: 3,20 €, Comparison Price: 
Product: Rotho vatkauskulhosetti Fresh 4,0 l, Unit Price: 12,90 €, Comparison Price: 
Product: Muumi Puutarha vatkauskulho L, Unit Price: 19,90 €, Comparison Price: 
Product: Curver mikroastia Eco lunch kit rect 1,2L vaaleanvihreä, Unit Price: 8,90 €, Comparison Price: 
Product: Pyrex lasikulho 1 l Classic, Unit Price: 6,95 €, Comparison Price: 
Product: Meritalo Suomalainen Omenahillo 400g, Unit Price: 2,69 €, Comparison Price: 6,73 €/kg
Product: Rainbow mustaherukkahillo 400 g, Unit Price: 2,69 €, Comparison Price: 6,73 €/kg
Product: St. Dalfour Viikunahillo 284g, Unit Price: 3,99 €, Comparison Price: 14,05 €/kg
Product: Meritalo Suomalainen Mustaherukkahillo 410g, Unit Price: 3,09 €, Comparison Price: 7,54 €/kg
Product: St. Dalfour Hillolajitelma viikuna, vadelma-granaattiomena, aprikoosi, 4-marjaa 4 x 28g, Unit Price: 4,49 €, Comparison Price: 40,09 €/kg
Product: Coop aprikoosihillo 370 g, Unit Price: 1,45 €, Comparison Price: 3,92 €/kg
Product: Meritalo Suomalainen Mustikkahillo 410g, Unit Price: 3,59 €, Comparison Price: 8,76 €/kg
Product: Bonne Maman 370g Viikunahillo, Unit Price: 3,99 €, Comparison Price: 10,78 €/kg
Product: Herkkumaa Omenahillo 460g, Unit Price: 2,75 €, Comparison Price: 5,98 €/kg
Product: Fynbo Gourmet mustaherukkahillo 215g, Unit Price: 2,39 €, Comparison Price: 11,12 €/kg
Product: St. Dalfour Aprikoosihillo 284g, Unit Price: 3,99 €, Comparison Price: 14,05 €/kg
Product: Lucien Georgelin 150g Viikunahilloke, Unit Price: 3,25 €, Comparison Price: 21,67 €/kg
Product: Bonne Maman 370g Aprikoosihillo, Unit Price: 4,79 €, Comparison Price: 12,95 €/kg
Product: Saarioinen Omenahillo 500g, Unit Price: 3,25 €, Comparison Price: 6,50 €/kg
Product: St. Dalfour Kirsikkahillo 284g, Unit Price: 3,99 €, Comparison Price: 14,05 €/kg
Product: Dronningholm Kirsikkahillo 340g, Unit Price: 3,59 €, Comparison Price: 10,56 €/kg
Product: St. Dalfour Päärynähillo 284g, Unit Price: 3,99 €, Comparison Price: 14,05 €/kg
Product: St. Dalfour Mango-passionhedelmähillo 284g, Unit Price: 3,99 €, Comparison Price: 14,05 €/kg
Product: Bonne Maman 370g Kirsikkahillo, Unit Price: 4,79 €, Comparison Price: 12,95 €/kg
Product: Bonne Maman 5x50g Hillolahjapakkaus, Unit Price: 6,29 €, Comparison Price: 25,16 €/kg
Product: Meritalo Suomalainen Raparperihillo 410g, Unit Price: 3,05 €, Comparison Price: 7,44 €/kg
Product: St. Dalfour Appelsiinihillo 284g, Unit Price: 3,99 €, Comparison Price: 14,05 €/kg
Product: Fynbo inkiväärihillo 385g, Unit Price: 2,49 €, Comparison Price: 6,47 €/kg
Product: Fynbo Gourmet aprikoosihillo 215g, Unit Price: 2,39 €, Comparison Price: 11,12 €/kg
Product: Sunmed rannetuki yksi koko, Unit Price: 4,99 €, Comparison Price: 
Product: Sunmed polvituki yksi koko, Unit Price: 9,99 €, Comparison Price: 
Product: McDavid 199 nilkkatuki nauhoilla L, Unit Price: 44,95 €, Comparison Price: 
Product: McDavid 513 rannetuki tarralla S/M musta, Unit Price: 12,95 €, Comparison Price: 
Product: Gymstick ryhtillivi L/XL, Unit Price: 14,95 €, Comparison Price: 14,95 €/pr
Product: McDavid 451 säädettävä rannetuki musta, Unit Price: 19,95 €, Comparison Price: 
Product: McDavid rannetuki lastalla 454 vasen musta, Unit Price: 25,95 €, Comparison Price: 
Product: Sunmed nilkkatuki yksi koko, Unit Price: 7,99 €, Comparison Price: 
Product: McDavid 454 rannetuki lastalla oikea musta, Unit Price: 25,95 €, Comparison Price: 
Product: Sunmed selkätuki yksi koko, Unit Price: 13,95 €, Comparison Price: 
Product: McDavid 491 selkätuki musta, Unit Price: 29,95 €, Comparison Price: 
Product: McDavid neopreenipolvituki, Unit Price: 24,95 €, Comparison Price: 
Product: McDavid 510 polvituki L musta, Unit Price: 13,95 €, Comparison Price: 
Product: McDavid 513 rannetuki tarralla L/XL musta, Unit Price: 12,95 €, Comparison Price: 
Product: McDavid 402 polvituki avoimella polvilumpiolla S musta, Unit Price: 24,95 €, Comparison Price: 
Product: McDavid 409 säädettävä polvituki avoimella polvilumpiolla musta, Unit Price: 24,95 €, Comparison Price: 
Product: McDavid 402 polvituki avoimella polvilumpiolla L musta, Unit Price: 24,95 €, Comparison Price: 
Product: McDavid 402 polvituki avoimella polvilumpiolla M musta, Unit Price: 24,95 €, Comparison Price: 
Product: McDavid 510 polvituki S musta, Unit Price: 13,95 €, Comparison Price: 
Product: Sunmed patella-polvituki, yksi koko, Unit Price: 7,99 €, Comparison Price: 
Product: McDavid 510 polvituki M musta, Unit Price: 13,95 €, Comparison Price: 
Product: McDavid 431 nilkkatuki M musta, Unit Price: 19,95 €, Comparison Price: 
Product: McDavid 414 patellaremmi musta, Unit Price: 19,95 €, Comparison Price: 
Product: McDavid neopreenipolvituki, Unit Price: 24,95 €, Comparison Price: 
Product: Batiste Original Kuivashampoo 200ml, Unit Price: 3,99 €, Comparison Price: 19,95 €/l
Product: mjuuk refresh dry shampoo kuivashampoo 50 ml, Unit Price: 3,49 €, Comparison Price: 69,80 €/l
Product: Erisan Hajusteeton Kuivashampoo 250 ml, Unit Price: 5,89 €, Comparison Price: 23,56 €/l
Product: mjuuk refresh dry shampoo kuivashampoo 250 ml, Unit Price: 6,49 €, Comparison Price: 25,96 €/l
Product: Batiste Bare kuivashampoo 200ml, Unit Price: 3,99 €, Comparison Price: 19,95 €/l
Product: mjuuk volume dry shampoo kuivashampoo 250 ml, Unit Price: 6,49 €, Comparison Price: 25,96 €/l
Product: Batiste Heavenly Volume Kuivashampoo 200ml, Unit Price: 3,99 €, Comparison Price: 19,95 €/l
Product: Batiste Colour Dry Shampoo Dark Hair kuivashampoo 200ml, Unit Price: 3,99 €, Comparison Price: 19,95 €/l
Product: Batiste Original Mini Kuivashampoo 50ml, Unit Price: 2,29 €, Comparison Price: 45,80 €/l
Product: Batiste Ocean Breeze Kuivashampoo 200ml, Unit Price: 3,99 €, Comparison Price: 19,95 €/l
Product: Batiste Blush kuivashampoo 200ml, Unit Price: 3,99 €, Comparison Price: 19,95 €/l
Product: Batiste Original kuivashampoo 350ml, Unit Price: 6,89 €, Comparison Price: 19,69 €/l
Product: Batiste Fresh Kuivashampoo 200ml, Unit Price: 3,99 €, Comparison Price: 19,95 €/l
Product: Delia Cameleo 200ml kuivashampoo silikoniton, Unit Price: 2,95 €, Comparison Price: 14,75 €/l
Product: Batiste Colour Dry Shampoo Brunette 200ml, Unit Price: 3,99 €, Comparison Price: 19,95 €/l
Product: Batiste Cherry Kuivashampoo 200ml, Unit Price: 3,99 €, Comparison Price: 19,95 €/l
Product: Batiste Cherry Mini Kuivashampoo 50ml, Unit Price: 2,29 €, Comparison Price: 45,80 €/l
Product: Batiste Rose Gold Kuivashampoo 200ml, Unit Price: 3,99 €, Comparison Price: 19,95 €/l
Product: Herbina 200ml Sensitive hajusteeton kuivashampoo, Unit Price: 5,15 €, Comparison Price: 25,75 €/l
Product: Herbina 200ml Volume kuivashampoo, Unit Price: 5,15 €, Comparison Price: 25,75 €/l
Product: Batiste XXL Stylist Volume Spray muotoilusuihke 200ml, Unit Price: 3,99 €, Comparison Price: 19,95 €/l
Product: Batiste Blush kuivashampoo 350ml, Unit Price: 6,89 €, Comparison Price: 19,69 €/l
Product: Erisan Hajusteeton Kuivashampoo 100 ml, Unit Price: 3,99 €, Comparison Price: 39,90 €/l
Product: Herbina 50ml Hajusteeton kuivashampoo, Unit Price: 2,45 €, Comparison Price: 49,00 €/l
Product: Coop vadelmahillo 370 g, Unit Price: 2,05 €, Comparison Price: 5,54 €/kg
Product: Saarioinen Vadelmahillo 500g, Unit Price: 4,79 €, Comparison Price: 9,58 €/kg
Product: Dronningholm Vadelmahillo 1kg, Unit Price: 5,85 €, Comparison Price: 5,85 €/kg
Product: Meritalo Suomalainen Vadelmahillo 300g, Unit Price: 3,99 €, Comparison Price: 13,30 €/kg
Product: Dronningholm Vadelmahillo 440g, Unit Price: 3,99 €, Comparison Price: 9,07 €/kg
Product: Saarioinen Vadelmahillo vähemmän sokeria 320g, Unit Price: 3,59 €, Comparison Price: 11,22 €/kg
Product: Xtra vadelmahillo 800 g, Unit Price: 4,15 €, Comparison Price: 5,19 €/kg
Product: Ekströms Vanhan ajan vadelmahillo 410g, Unit Price: 3,95 €, Comparison Price: 9,63 €/kg
Product: Saarioinen Vadelmahillo 800g, Unit Price: 6,65 €, Comparison Price: 8,31 €/kg
Product: Ekströms vadelmahillo 425g, Unit Price: 4,49 €, Comparison Price: 10,56 €/kg
Product: Coop vadelmahillo pullossa 400 g, Unit Price: 3,25 €, Comparison Price: 8,13 €/kg
Product: Fynbo Delight vadelmahillo - vähemmän sokeria 260g, Unit Price: 2,79 €, Comparison Price: 10,73 €/kg
Product: Den Gamle Fabrik enemmän marjaa vähemmän sokeria vadelmahillo 270g, Unit Price: 4,95 €, Comparison Price: 18,33 €/kg
Product: Fynbo Gourmet vadelmahillo 215g, Unit Price: 2,39 €, Comparison Price: 11,12 €/kg
Product: Rainbow vadelmahillo luomu 360 g, Unit Price: 3,99 €, Comparison Price: 11,08 €/kg
Product: Hommanäs 320g Vadelmahillo, Unit Price: 7,50 €, Comparison Price: 23,44 €/kg
Product: St. Dalfour Vadelmahillo 284g, Unit Price: 3,99 €, Comparison Price: 14,05 €/kg
Product: Herkkumaa Vadelmahillo 460g, Unit Price: 4,15 €, Comparison Price: 9,02 €/kg
Product: Bonne Maman 370g Vadelmahillo, Unit Price: 6,19 €, Comparison Price: 16,73 €/kg
Product: Herkku mesivadelmahillo 300 g, Unit Price: 3,25 €, Comparison Price: 10,83 €/kg
Product: House paistinlasta, Unit Price: 3,90 €, Comparison Price: 
Product: GastroMax paistinlasta 31,5 cm musta, Unit Price: 3,95 €, Comparison Price: 
Product: GastroMax kauha koko M, Unit Price: 3,20 €, Comparison Price: 
Product: GastroMax kauha koko M, Unit Price: 3,20 €, Comparison Price: 
Product: House paistinlasta reiällinen Neo 32 cm, Unit Price: 4,50 €, Comparison Price: 
Product: Fiskars Functional Form lasta, Unit Price: 11,50 €, Comparison Price: 
Product: GastroMax kauha 30 cm, Unit Price: 3,50 €, Comparison Price: 
Product: GastroMax kauha koko L, Unit Price: 3,50 €, Comparison Price: 
Product: GastroMax kauha 27 cm, Unit Price: 2,90 €, Comparison Price: 
Product: GastroMax kauha 22 cm, Unit Price: 2,70 €, Comparison Price: 
Product: GastroMax kauha koko S, Unit Price: 2,95 €, Comparison Price: 
Product: House reikäkauha, Unit Price: 7,90 €, Comparison Price: 
Product: GastroMax kauha 22 cm, Unit Price: 2,70 €, Comparison Price: 
Product: GastroMax kauha koko S, Unit Price: 2,95 €, Comparison Price: 
Product: GastroMax kauha 27 cm, Unit Price: 2,90 €, Comparison Price: 
Product: GastroMax kauha koko M, Unit Price: 3,20 €, Comparison Price: 
Product: GastroMax kauha koko S, Unit Price: 2,95 €, Comparison Price: 
Product: House pihdit 21153416VT, Unit Price: 4,50 €, Comparison Price: 
Product: GastroMax kauha koko L, Unit Price: 3,50 €, Comparison Price: 
Product: GastroMax kauha koko L, Unit Price: 3,50 €, Comparison Price: 
Product: House sekoituslusikka Neo 29,4 cm, Unit Price: 4,50 €, Comparison Price: 
Product: Fackelmann pihdit Basic, Unit Price: 6,50 €, Comparison Price: 
Product: House sekoituslusikka Max 34,3 cm, Unit Price: 5,50 €, Comparison Price: 
Product: GastroMax kauha 30 cm, Unit Price: 3,50 €, Comparison Price: 
Product: Xtra hankaussieni 10 kpl, Unit Price: 0,99 €, Comparison Price: 0,10 €/kpl
Product: Sini sieniliina kostea 18x20cm 3kpl, Unit Price: 1,75 €, Comparison Price: 0,58 €/kpl
Product: Rainbow keittiöliina 10kpl, Unit Price: 1,85 €, Comparison Price: 0,19 €/kpl
Product: Sini 5-pack Sinifinet, Unit Price: 2,39 €, Comparison Price: 0,48 €/kpl
Product: Rainbow sieniliina 18x20cm 3kpl, Unit Price: 0,87 €, Comparison Price: 0,29 €/kpl
Product: Wettex Classic sieniliina 3 kpl, Unit Price: 1,99 €, Comparison Price: 0,66 €/kpl
Product: Wettex Classic sieniliina 10 kpl, Unit Price: 4,69 €, Comparison Price: 0,47 €/kpl
Product: Wettex Soft & Fresh rulla 3m, Unit Price: 5,29 €, Comparison Price: 
Product: Wettex Soft & Fresh rulla 1,5m, Unit Price: 3,19 €, Comparison Price: 
Product: Sini Sieniliina kuiva 3 kpl, Unit Price: 1,75 €, Comparison Price: 0,58 €/kpl
Product: SINI Talousliina 3m rulla, Unit Price: 4,49 €, Comparison Price: 
Product: PataPata saippuavillatyynyt 10kpl, Unit Price: 2,95 €, Comparison Price: 0,30 €/kpl
Product: Sini Miina-Liina sieniliinalajitelma, Unit Price: 0,99 €, Comparison Price: 
Product: Rainbow Sieniliinarulla 1,5m, Unit Price: 2,69 €, Comparison Price: 
Product: York keittiöliina 5 kpl, Unit Price: 1,09 €, Comparison Price: 0,22 €/kpl
Product: Wettex Classic sieniliina 10 kpl Nordic Selection, Unit Price: 4,69 €, Comparison Price: 0,47 €/kpl
Product: AKRO Taikasieni® Deluxe, Unit Price: 2,79 €, Comparison Price: 
Product: Xtra tahranpoistaja 3 kpl, Unit Price: 1,19 €, Comparison Price: 
Product: Xtra keittiön hankaussieni 2 kpl, Unit Price: 0,85 €, Comparison Price: 0,43 €/kpl
Product: Sini Keittiöliina mikrokuitua 30x30 cm, Unit Price: 3,29 €, Comparison Price: 
Product: Sini Ihmesieni leikattava, Unit Price: 3,79 €, Comparison Price: 
Product: Vileda Pur Active hankaussieni 2 kpl, Unit Price: 2,39 €, Comparison Price: 1,20 €/kpl
Product: Puhdistussieni Scrub Daddy, Unit Price: 3,39 €, Comparison Price: 
Product: Vileda Light&Soft talousliina 40 kpl, Unit Price: 3,99 €, Comparison Price: 
Product: Kotimaista vichy 1,5l, Unit Price: 1,29 €, Comparison Price: 0,59 €/l
Product: Kotimaista sitruuna vichy 1,5l, Unit Price: 1,39 €, Comparison Price: 0,66 €/l
Product: Hartwall Vichy Original kivennäisvesi 0,5 l, Unit Price: 2,15 €, Comparison Price: 3,90 €/l
Product: Hartwall Vichy Original kivennäisvesi 1,5 l, Unit Price: 2,95 €, Comparison Price: 1,70 €/l
Product: Kotimaista vichy 0,5l, Unit Price: 0,89 €, Comparison Price: 1,38 €/l
Product: 6 x Kotimaista vichy 0,5l, Unit Price: 3,95 €, Comparison Price: 0,92 €/l
Product: 24 x Hartwall Vichy Original kivennäisvesi 0,33 l, Unit Price: 13,39 €, Comparison Price: 1,39 €/l
Product: OLVI Vichy kivennäisvesi 0,95 l kmp, Unit Price: 1,79 €, Comparison Price: 1,67 €/l
Product: 12 x Kotimaista Vichy kivennäisvesi 0,33l, Unit Price: 6,18 €, Comparison Price: 1,11 €/l
Product: Kotimaista sitruuna vichy kivennäisvesi 0,5l, Unit Price: 0,89 €, Comparison Price: 1,38 €/l
Product: 12 x OLVI Vichy kivennäisvesi 0,33 l kmp, Unit Price: 6,39 €, Comparison Price: 1,31 €/l
Product: 12xOLVI Vichy Ananas 0,33 l kmp, Unit Price: 6,39 €, Comparison Price: 1,31 €/l
Product: 12 x OLVI Vichy Päärynä 0,33 l kmp, Unit Price: 6,39 €, Comparison Price: 1,31 €/l
Product: OLVI Vichy kivennäisvesi 1,65 l kmp, Unit Price: 2,25 €, Comparison Price: 1,12 €/l
Product: Värska Vichy 1,5L PET, Unit Price: 1,89 €, Comparison Price: 0,99 €/l
Product: Värska Vichy 0,5L PET, Unit Price: 1,05 €, Comparison Price: 1,70 €/l
Product: 6 x Hartwall Vichy Original Double Salted kivennäisvesi 0,33 l, Unit Price: 5,39 €, Comparison Price: 2,27 €/l
Product: 18 x Hartwall Vichy Original kivennäisvesi 0,33 l, Unit Price: 11,95 €, Comparison Price: 1,56 €/l
Product: 4x Värska Vichy 1,5L PACK PET, Unit Price: 6,89 €, Comparison Price: 0,88 €/l
Product: 6 x Hartwall Vichy Original kivennäisvesi 0,33 l, Unit Price: 5,39 €, Comparison Price: 2,27 €/l
Product: Villi Vichy vadelma-karhunvatukka 1,5l, Unit Price: 1,99 €, Comparison Price: 1,06 €/l
Product: Hartwall Vichy Original kivennäisvesi 0,25 l, Unit Price: 1,35 €, Comparison Price: 5,00 €/l
Product: Värska Vichy 0,33L KLP, Unit Price: 1,25 €, Comparison Price: 3,48 €/l
Product: Villi Vichy mansikka-raparperi 1,5l, Unit Price: 1,99 €, Comparison Price: 1,06 €/l
Product: Confetti ylioppilaslakki, Unit Price: 2,99 €, Comparison Price: 
Product: Karhu Hand of Doom salibandypallo, Unit Price: 0,99 €, Comparison Price: 
Product: Karhu Hand of Doom salibandypallo, Unit Price: 0,99 €, Comparison Price: 
Product: Karhu Hand of Doom salibandypallo, Unit Price: 0,99 €, Comparison Price: 
Product: Karhu Hand of Doom salibandypallo, Unit Price: 0,99 €, Comparison Price: 
Product: Realstick salibandypallo 3kpl moniväri, Unit Price: 2,99 €, Comparison Price: 1,00 €/kpl
Product: Salibandypallopussi moniväri 6 kpl, Unit Price: 4,99 €, Comparison Price: 0,83 €/kpl
Product: Realstick salibandypallo 3kpl valkoinen, Unit Price: 2,99 €, Comparison Price: 1,00 €/kpl
Product: Exel salibandypallo 4kpl moniväri precision F-liiga, Unit Price: 5,95 €, Comparison Price: 1,49 €/kpl
Product: Karhu Hand of Doom salibandypallo, Unit Price: 0,99 €, Comparison Price: 
Product: Realstick salibandypallo 6kpl valkoinen, Unit Price: 4,99 €, Comparison Price: 0,83 €/kpl
Product: Karhu Hand of Doom salibandypallo, Unit Price: 0,99 €, Comparison Price: 
Product: Exel salibandypallo 4kpl valkoinen precision F-liiga, Unit Price: 5,95 €, Comparison Price: 1,49 €/kpl
Product: Oxdog Rotor salibandypallo 4kpl värilliset, Unit Price: 5,95 €, Comparison Price: 1,49 €/kpl
Product: Oxdog Rotor salibandypallo 4kpl valkoinen, Unit Price: 5,95 €, Comparison Price: 1,49 €/kpl
Product: Fat Pipe salibandymailan grippi Sticky musta, Unit Price: 12,95 €, Comparison Price: 
Product: Oxdog Touch Grip White Oxdog Grippi, Unit Price: 13,95 €, Comparison Price: 
Product: Fat Pipe salibandymailan grippi Sticky vihreä, Unit Price: 11,95 €, Comparison Price: 
Product: Fat Pipe salibandymailan grippi Sticky harmaa, Unit Price: 12,95 €, Comparison Price: 
Product: Fat Pipe salibandymailan grippi Sticky keltainen, Unit Price: 11,95 €, Comparison Price: 
Product: Fat Pipe salibandymailan grippi Wetter the Better harmaa/oranssi, Unit Price: 14,95 €, Comparison Price: 
Product: Fat Pipe salibandymailan lapa SPD PPB deep purple L, Unit Price: 22,95 €, Comparison Price: 
Product: Fat Pipe salibandymailan lapa SPD PPB deep purple R, Unit Price: 22,95 €, Comparison Price: 
Product: Fat Pipe musta/kulta SB-Suojalasit JR, Unit Price: 29,95 €, Comparison Price: 
Product: Fat Pipe suojalasit Sr, Unit Price: 29,95 €, Comparison Price: 
Product: Nutella hasselpähkinä-kaakaolevite 350g, Unit Price: 3,80 €, Comparison Price: 10,86 €/kg
Product: Nutella hasselpähkinä-kaakaolevite 630g, Unit Price: 6,79 €, Comparison Price: 10,78 €/kg
Product: Xtra kaakaolevite 400 g, Unit Price: 1,89 €, Comparison Price: 4,72 €/kg
Product: Rainbow 400g hasselpähkinä-kaakaolevite, Unit Price: 2,89 €, Comparison Price: 7,23 €/kg
Product: Nutella hasselpähkinä-kaakaolevite 15g, Unit Price: 0,39 €, Comparison Price: 26,00 €/kg
Product: Valsoia 400g la Crema Hasselpähkinälevite, Unit Price: 5,09 €, Comparison Price: 12,73 €/kg
Product: Foodin Herkkuisa Hasselpähkinä-raakasuklaalevite sokeroimaton 230g, Unit Price: 6,29 €, Comparison Price: 27,35 €/kg
Product: Nocilla kaakao- ja hasselpähkinälevite 320g pullossa, Unit Price: 3,32 €, Comparison Price: 10,38 €/kg
Product: Foodin Herkkuisa Hasselpähkinä-raakasuklaalevite, luomu 250g, Unit Price: 6,50 €, Comparison Price: 26,00 €/kg
Product: Nocilla Cookies & Cream hasselpähkinälevite kaakaokeksipaloilla 180g, Unit Price: 2,45 €, Comparison Price: 13,61 €/kg
Product: Foodin Valkosuklaa Herkkuisa 240g, Unit Price: 6,29 €, Comparison Price: 26,21 €/kg
Product: Rigoni di Asiago Nocciolata Luomu Suklaa Hasselpähkinälevite 250g, Unit Price: 5,29 €, Comparison Price: 21,16 €/kg
Product: Nocilla Noir kaakao- ja hasselpähkinälevite 180g, Unit Price: 2,55 €, Comparison Price: 14,17 €/kg
Product: Rigoni di Asiago Nocciolata Luomu Vaalea hasselpähkinälevite 250g, Unit Price: 5,29 €, Comparison Price: 21,16 €/kg
Product: Green Choice Choconut pähkinävoi luomu 250g, Unit Price: 3,49 €, Comparison Price: 13,96 €/kg
Product: Fairy Platinum Plus All in One Deep Clean konetiskitabletti 36 kpl, Unit Price: 9,69 €, Comparison Price: 0,27 €/kpl
Product: Fairy Platinum All in One Lemon konetiskitabletti 51 kpl, Unit Price: 10,59 €, Comparison Price: 0,21 €/kpl
Product: Finish Power All-in-1 konetiskitabletti 90kpl, Unit Price: 12,25 €, Comparison Price: 0,14 €/kpl
Product: Sun Classic Täyttöpakkaus Konetiskiaine Tiivistetty Ympäristömerkki 1 kg 58 pesua, Unit Price: 4,99 €, Comparison Price: 4,99 €/kg
Product: Rainbow All In One konetiskitabletti 50 kpl, Unit Price: 4,59 €, Comparison Price: 0,09 €/kpl
Product: Kiilto All in 1 konetiskitabletti Hajusteeton 68 kpl, Unit Price: 9,59 €, Comparison Price: 0,14 €/kpl
Product: LV 40kpl all-in-one konetiskitabletti, Unit Price: 5,69 €, Comparison Price: 0,14 €/kpl
Product: Fairy Original All in One konetiskitabletti 71 kpl, Unit Price: 11,90 €, Comparison Price: 0,17 €/kpl
Product: Xtra Classic konetiskitabletti 60 kpl, Unit Price: 2,89 €, Comparison Price: 0,05 €/kpl
Product: Rainbow All In One konetiskitabletti 30 kpl, Unit Price: 3,69 €, Comparison Price: 0,12 €/kpl
Product: Fairy Platinum Plus All in One Anti-Dull Lemon konetiskitabletti 59 kpl, Unit Price: 14,19 €, Comparison Price: 0,24 €/kpl
Product: Rainbow huuhtelukirkaste 500 ml, Unit Price: 2,29 €, Comparison Price: 4,58 €/l
Product: Fairy Platinum Plus All in One Anti-Dull konetiskitabletti 36 kpl, Unit Price: 9,69 €, Comparison Price: 0,27 €/kpl
Product: Finish Power All-in-1 konetiskitabletti 20kpl, Unit Price: 3,99 €, Comparison Price: 0,20 €/kpl
Product: Rainbow All In One konetiskitabletti 30 kpl Lemon, Unit Price: 3,69 €, Comparison Price: 0,12 €/kpl
Product: Finish Classic konetiskitabletti 100kpl, Unit Price: 9,90 €, Comparison Price: 0,10 €/kpl
Product: Finish Quantum All-in-1 konetiskitabletti 60kpl, Unit Price: 9,49 €, Comparison Price: 0,16 €/kpl
Product: Rainbow Konetiskigeeli All in 1 600 ml, Unit Price: 4,69 €, Comparison Price: 7,82 €/l
Product: Finish astianpesukonesuola 1,2kg, Unit Price: 2,99 €, Comparison Price: 2,49 €/kg
Product: Finish Ultimate All-in-1 konetiskitabletti 50kpl, Unit Price: 9,69 €, Comparison Price: 0,19 €/kpl
Product: Änglamark konetiskitabletti 60 kpl, Unit Price: 7,95 €, Comparison Price: 0,13 €/kpl
Product: Kiilto All in 1 konetiskitabletti Hajusteeton 42 kpl, Unit Price: 6,99 €, Comparison Price: 0,17 €/kpl
Product: Finish Power Essential konetiskitabletti 26kpl, Unit Price: 4,49 €, Comparison Price: 0,17 €/kpl
Product: Rainbow konetiskijauhe 1 kg, Unit Price: 4,29 €, Comparison Price: 4,29 €/kg
Product: Maltesers® Biscuits keksi 110g, Unit Price: 2,19 €, Comparison Price: 19,91 €/kg
Product: Cavi-art merilevävalmiste,punainen,170g.Vegaaninen tuote, Unit Price: 3,59 €, Comparison Price: 21,12 €/kg
Product: Ben's Original Pitkäjyväinen riisi 1kg, Unit Price: 3,95 €, Comparison Price: 3,95 €/kg
Product: Xtra Parboiled pitkäjyväinen riisi 2 kg, Unit Price: 1,69 €, Comparison Price: 0,85 €/kg
Product: Rainbow pitkäjyväinen riisi 1 kg, Unit Price: 2,15 €, Comparison Price: 2,15 €/kg
Product: Xtra pitkäjyväinen riisi 1 kg, Unit Price: 0,85 €, Comparison Price: 0,85 €/kg
Product: Ben's Original Pitkäjyväinen riisi keitinpusseissa 4x125g, Unit Price: 2,59 €, Comparison Price: 5,18 €/kg
Product: Ben's Original Pitkäjyväinen riisi keitinpusseissa 8x125g, Unit Price: 4,69 €, Comparison Price: 4,69 €/kg
Product: Rainbow 2kg pitkäjyväinen riisi, parboiled, Unit Price: 3,99 €, Comparison Price: 2,00 €/kg
Product: Myllyn Paras Pitkäriisi 1kg, Unit Price: 3,25 €, Comparison Price: 3,25 €/kg
Product: Risella Pitkäriisi Paellariisi 1kg, Unit Price: 1,88 €, Comparison Price: 1,88 €/kg
Product: Riso Scotti pitkäjyväinen riisi 1kg, Unit Price: 2,75 €, Comparison Price: 2,75 €/kg
Product: GOHAR Tahmariisi 1 kg, Unit Price: 2,49 €, Comparison Price: 2,49 €/kg
Product: Rainbow 120g sardiinit tomaattikastikkeessa, Unit Price: 1,19 €, Comparison Price: 9,92 €/kg
Product: Rainbow 125g Makrillifileitä tomaattikastikkeessa, Unit Price: 1,69 €, Comparison Price: 13,52 €/kg
Product: Rainbow 120/90g sardiinit auringonkukkaöljyssä, Unit Price: 1,19 €, Comparison Price: 13,22 €/kg
Product: John West Ruodottomia sardiineja tomaattikastikkeessa 95g, Unit Price: 2,39 €, Comparison Price: 25,16 €/kg
Product: Calvo sardiini oliiviöljyssä 120/84g, Unit Price: 1,89 €, Comparison Price: 22,50 €/kg
Product: MSC Sardelli, Unit Price: 4,09 €, Comparison Price: 87,02 €/kg
Product: John West Sardiinit oliiviöljyssä 120/90g, Unit Price: 2,19 €, Comparison Price: 24,33 €/kpl
Product: Abba makrillifileet tomaattikastikkeessa 125g, Unit Price: 2,29 €, Comparison Price: 18,32 €/kg
Product: Xtra makrillifilee hiutaleina tomaattikastikkeessa 3 x 125/75g, Unit Price: 2,99 €, Comparison Price: 13,29 €/kg
Product: Ortiz Sardellifileet Oliiviöljyssä 47,5/29 g, Unit Price: 4,55 €, Comparison Price: 94,79 €/kg
Product: Ortiz sardiinifileet oliiviöljyssä 140g, Unit Price: 4,85 €, Comparison Price: 48,50 €/kg
Product: Riga Gold Makrillifilee tomaattikastikkeessa 190g/114g, Unit Price: 1,60 €, Comparison Price: 8,42 €/kg
Product: Ortiz  sardiinifileet oliiviöljyssä 190g, Unit Price: 7,29 €, Comparison Price: 52,07 €/kg
Product: Coop makrillifilee tomaattikastikkeessa 125 g, Unit Price: 1,69 €, Comparison Price: 
Product: Kotimaista luomukananmunat M6 348 g, Unit Price: 2,09 €, Comparison Price: 6,01 €/kg
Product: Kultamuna luomu kananmuna M/L10 630g, Unit Price: 4,49 €, Comparison Price: 7,13 €/kg
Product: Makeup Revolution Mega Bronzer 01 - Cool aurinkopuuteri viileä sävy, Unit Price: 6,95 €, Comparison Price: 86,88 €/kg
Product: Kuorttisen Luomukanala luomu kananmuna m/l, Unit Price: 0,44 €, Comparison Price: 7,25 €/kg
Product: essence BLUSH crush! poskipuna 20, Unit Price: 3,09 €, Comparison Price: 618,00 €/kg
Product: Laitilan Kanatarha Isoja luomukananmunia L15 1020g, Unit Price: 6,59 €, Comparison Price: 6,46 €/kg
Product: Makeup Revolution Fast Base Stick poskipunapuikko Peach 14g, Unit Price: 8,95 €, Comparison Price: 639,29 €/kg
Product: Kultamuna luomu kananmuna S/M6 318g, Unit Price: 2,49 €, Comparison Price: 7,83 €/kg
Product: essence baby got blush poskipuna 5,5 g, Unit Price: 3,69 €, Comparison Price: 615,00 €/kg
Product: Loimaan yhteispakkaamo Luomukananmuna L8 544g, Unit Price: 3,85 €, Comparison Price: 7,08 €/kg
Product: essence BABY GOT BLUSH nestemäinen poskipuna 10, Unit Price: 4,09 €, Comparison Price: 409,00 €/l
Product: Satamunan ruskeita luomumunia M6 348g, Unit Price: 3,15 €, Comparison Price: 9,05 €/kg
Product: Paese Argan poskipuna, Unit Price: 11,55 €, Comparison Price: 3850,00 €/kg
Product: Laitilan Kanatarha Isoja luomukananmunia L6 408g, Unit Price: 3,85 €, Comparison Price: 9,44 €/kg
Product: Makeup Revolution Fast Base Stick poskipunapuikko Blush 14g, Unit Price: 8,95 €, Comparison Price: 639,29 €/kg
Product: Makeup Revolution Fast Base Stick poskipunapuikko Rose 14g, Unit Price: 8,95 €, Comparison Price: 639,29 €/kg
Product: MUA Make Up Academy Blushed Powder Blush Duo 8 g Ginger poskipuna, Unit Price: 6,25 €, Comparison Price: 781,25 €/kg
Product: essence BABY GOT BLUSH nestemäinen poskipuna 30, Unit Price: 4,09 €, Comparison Price: 409,00 €/l
Product: Lumene Natural Glow Poskipuna 2 Berry Glow 4 g, Unit Price: 14,50 €, Comparison Price: 362,50 €/kg
Product: Makeup Revolution Balm Glow Peach Bliss monikäyttömeikkivoide 32g, Unit Price: 8,95 €, Comparison Price: 279,69 €/kg
Product: MUA Make Up Academy Creamy Blush 10 ml Razzleberry voidemainen poskipuna, Unit Price: 4,15 €, Comparison Price: 415,00 €/l
Product: Rimmel Maxi Blush Powder Blusher 003 Wild Card poskipuna 9g, Unit Price: 8,90 €, Comparison Price: 
Product: Makeup Revolution Fast Base Stick poskipunapuikko Bare 14g, Unit Price: 8,95 €, Comparison Price: 639,29 €/kg
Product: Lumene Natural Glow Poskipuna 1 Coral Glow 4 g, Unit Price: 14,50 €, Comparison Price: 362,50 €/kg
Product: MUA Make Up Academy Creamy Blush 10 ml Misty Rose voidemainen poskipuna, Unit Price: 4,15 €, Comparison Price: 415,00 €/l
Product: MUA Make Up Academy Blushed Powder Blush Duo 8 g Clementine
 poskipuna, Unit Price: 6,25 €, Comparison Price: 781,25 €/kg
Product: Maybelline New York Fit Me Blush 30 Rose -poskipuna 4,5g, Unit Price: 8,95 €, Comparison Price: 
Product: Gosh I'm Blushing 005 Shocking Pink poskipuna, Unit Price: 12,90 €, Comparison Price: 2150,00 €/kg
Product: Paese Argan poskipuna, Unit Price: 11,55 €, Comparison Price: 3850,00 €/kg
Product: Makeup Revolution Mega Bronzer 02 - Warm aurinkopuuteri lämmin sävy, Unit Price: 6,95 €, Comparison Price: 86,88 €/kg
Product: Rimmel Maxi Blush Powder Blusher 006 Exposed poskipuna 9g, Unit Price: 8,90 €, Comparison Price: 
Product: Makeup Revolution Balm Glow Rose Pink monikäyttömeikkivoide 32g, Unit Price: 8,95 €, Comparison Price: 279,69 €/kg
Product: Hätälä Paistettu Silakkapihvi 200g, Unit Price: 3,49 €, Comparison Price: 17,45 €/kg
Product: Kotimaista friteerattu muikku 100 g, Unit Price: 3,69 €, Comparison Price: 36,90 €/kg
Product: Urtekram Luomu Rapea maapähkinävoi 230g, Unit Price: 3,59 €, Comparison Price: 15,61 €/kg
Product: Pasini Arborio Risottoriisi 1kg, Unit Price: 2,99 €, Comparison Price: 2,99 €/kg
Product: Risella Risottoriisi 1kg, Unit Price: 3,55 €, Comparison Price: 3,55 €/kg
Product: Pasini Sushiriisi 500g, Unit Price: 1,65 €, Comparison Price: 3,30 €/kg
Product: Riso Scotti 1kg Arborio risottoriisi, Unit Price: 4,25 €, Comparison Price: 4,25 €/kg
Product: Pasini Arborio Risottoriisi 500g, Unit Price: 2,25 €, Comparison Price: 4,50 €/kg
Product: Riso Pasini Risotto riisi 1 kg, Unit Price: 3,19 €, Comparison Price: 3,19 €/kg
Product: Risella Sushiriisi 500g, Unit Price: 2,35 €, Comparison Price: 4,70 €/kg
Product: Riso Scotti Hakumaki 500g Sushi riisi, Unit Price: 2,55 €, Comparison Price: 5,10 €/kg
Product: Oululainen Pullava Viipaloitu pitko 450g, Unit Price: 3,69 €, Comparison Price: 8,20 €/kg
Product: Oululainen Pullava Pitkojen Pitko 300g, vehnäpitko, Unit Price: 2,85 €, Comparison Price: 9,50 €/kg
Product: Oululainen Pullava Kuningatarpitko 400g, Unit Price: 3,39 €, Comparison Price: 8,48 €/kg
Product: Oululainen Pullava Voisilmäpitko 400g, täytepitko, Unit Price: 3,39 €, Comparison Price: 8,48 €/kg
Product: Trube Puolikas Kilopitko 500g pitko, Unit Price: 4,55 €, Comparison Price: 9,10 €/kg
Product: Fazer Sokerileipurin Pitko 435g, pullapitko, Unit Price: 4,99 €, Comparison Price: 11,47 €/kg
Product: Trube Kanelikierrepitko 350g kanelitäytepitko, Unit Price: 3,49 €, Comparison Price: 9,97 €/kg
Product: Trube Voikierrepitko 350g voitäytepitko, Unit Price: 3,75 €, Comparison Price: 10,71 €/kg
Product: Oululainen Pullava Rusinapitko 360g, Unit Price: 3,25 €, Comparison Price: 9,03 €/kg
Product: Oululainen Pullava Dallaspitko 400g, Unit Price: 3,39 €, Comparison Price: 8,48 €/kg
Product: Trube Salted Caramel -täytepitko 350 g suolakaramellitäytteinen pullapitko, Unit Price: 3,39 €, Comparison Price: 9,69 €/kg
Product: Elonen Superkanelipitko 350g, Unit Price: 3,29 €, Comparison Price: 9,40 €/kg
Product: Trube Persikka-rahkatäytepitko 350g persikka-rahkatäytteinen pitko, Unit Price: 3,49 €, Comparison Price: 9,97 €/kg
Product: Trube Mangopitko 350 g mangotäytteinen pitko, Unit Price: 3,45 €, Comparison Price: 9,86 €/kg
Product: Oululainen Pullava Pitkojen pitko 600g, vehnäpitko, Unit Price: 5,25 €, Comparison Price: 8,75 €/kg
Product: Fazer Artesaanipitko 360g, pullapitko, Unit Price: 4,39 €, Comparison Price: 12,19 €/kg
Product: Perheleipuri Salonen Kanelipitko 360g kaneli-vaniljatäytteinen pullapitko, Unit Price: 4,49 €, Comparison Price: 12,47 €/kg
Product: Trube Mustikka-jogurttihillopitko 350 g mustikka-jogurttitäytteinen pullapitko, Unit Price: 3,39 €, Comparison Price: 9,69 €/kg
Product: Trube Kahvikierrepitko 350 g pitko kahvinmakuisella täytteellä, Unit Price: 3,55 €, Comparison Price: 10,14 €/kg
Product: Kartanon Leipä Kanelikranssi 400g, Unit Price: 5,39 €, Comparison Price: 13,47 €/kg
Product: Trube Vaniljainen kuningatartäytepitko 350 g mustikka-vadelmatäytteinen pitko, Unit Price: 3,55 €, Comparison Price: 10,14 €/kg
Product: Perheleipuri Salonen Mustikkapitko 360 g mustikkatäytteinen pullapitko, Unit Price: 4,49 €, Comparison Price: 12,47 €/kg
Product: Oululainen Pullava Kanelitäytepitko 400g, täytepitko, Unit Price: 3,39 €, Comparison Price: 8,48 €/kg
Product: Oululainen Pullava Mansikka-Vaniljapitko 400g, Unit Price: 3,39 €, Comparison Price: 8,48 €/kg
Product: Sauvon 200/120 g miedossa suolaliemessä keltavahveroita, Unit Price: 4,65 €, Comparison Price: 38,75 €/kg
Product: MUU Kasvipohjainen Chorizonakki 200g, Unit Price: 2,95 €, Comparison Price: 14,75 €/kg
Product: Härkis 250g original härkäpapumurska, Unit Price: 2,79 €, Comparison Price: 11,16 €/kg
Product: Makuliha Makukeittiön Kasvismakkara 200 g, Unit Price: 3,65 €, Comparison Price: 18,25 €/kg
Product: Juustoportti AB-luonnonjogurtti 1 kg maustamaton laktoositon, Unit Price: 2,59 €, Comparison Price: 2,59 €/kg
Product: Rainbow kokonaiset herkkusienet suolaliemessä 180/105 g, Unit Price: 1,39 €, Comparison Price: 6,95 €/kg
Product: Deliciest Smetana 20 % 350 g, Unit Price: 1,95 €, Comparison Price: 5,57 €/kg
Product: Kotimaista smetana 35% 120g laktoositon, Unit Price: 1,15 €, Comparison Price: 9,58 €/kg
Product: Juustoportti pehmeä smetana 350 g laktoositon, Unit Price: 1,99 €, Comparison Price: 5,69 €/kg
Product: Valio smetana 120 g laktoositon, Unit Price: 1,49 €, Comparison Price: 12,42 €/kg
Product: Valio Hyvä suomalainen Arki® smetana 23 % 180 g laktoositon, Unit Price: 1,25 €, Comparison Price: 6,94 €/kg
Product: Ben's Original Pitkäjyväinen riisi keitinpusseissa 4x125g, Unit Price: 2,59 €, Comparison Price: 5,18 €/kg
Product: MUU Kasvipohjainen Maggara 250 g, Unit Price: 3,59 €, Comparison Price: 14,36 €/kg
Product: MUU Nugget 200 g, Unit Price: 2,99 €, Comparison Price: 14,95 €/kg
Product: Hau-Hau Champion Nokian Nappulatehtaan Kalkkunaa & kauraa täysravinto aikuisille koirille 2 kg, Unit Price: 6,90 €, Comparison Price: 3,45 €/kg
Product: Dagsmark LAPPI viljaton koiran kuivaruoka kana-peruna 2kg, Unit Price: 14,59 €, Comparison Price: 7,30 €/kg
Product: Hau-Hau Champion Nokian Nappulatehtaan Kanaa, riisiä & kauraa täysravinto senioreille ja keventäville 1,5 kg, Unit Price: 7,95 €, Comparison Price: 5,30 €/kg
Product: Frolic Mini Siipikarjaa, kasviksia ja viljaa 1kg, Unit Price: 5,39 €, Comparison Price: 5,39 €/kg
Product: Perfect Fit Senior 10+ Kanaa 825g, Unit Price: 5,59 €, Comparison Price: 6,78 €/kg
Product: Hau-Hau Champion Nokian Nappulatehtaan Kanaa, riisiä & kauraa täysravinto aikuisille koirille 2 kg, Unit Price: 8,95 €, Comparison Price: 4,47 €/kg
Product: Hau-Hau Champion Nokian Nappulatehtaan Kanaa, riisiä & kauraa täysravinto aikuisille koirille 12 kg, Unit Price: 39,50 €, Comparison Price: 3,29 €/kg
Product: Frolic Häränlihaa, kasviksia ja viljaa 1,5kg, Unit Price: 7,79 €, Comparison Price: 5,19 €/kg
Product: Dagsmark HÄME vehnätön koiran kuivaruoka kala-kaura 2kg, Unit Price: 14,59 €, Comparison Price: 7,30 €/kg
Product: Rainbow 1,5kg mureat nappulat mini täysrehu pienille koirille, sisältää kanaa, Unit Price: 4,29 €, Comparison Price: 2,86 €/kg
Product: Dagsmark KEVYT & SENIORI koiran kuivaruoka vehnätön kana-kaura 2 kg, Unit Price: 14,59 €, Comparison Price: 7,30 €/kg
Product: Perfect Fit Adult 1+ Kanaa 825g, Unit Price: 5,59 €, Comparison Price: 6,78 €/kg
Product: Hau-Hau Champion Nokian Nappulatehtaan Kanaa, riisiä & kauraa täysravinto aikuisille koirille 6 kg, Unit Price: 23,19 €, Comparison Price: 3,87 €/kg
Product: Friskies 4kg Adult Nautaa koiranruoka, Unit Price: 9,95 €, Comparison Price: 2,49 €/kg
Product: Rehti Kana koiranruoka 2 kg, Unit Price: 8,09 €, Comparison Price: 4,05 €/kg
Product: Hau-Hau Champion Nokian Nappulatehtaan Lohta, riisiä & kauraa täysravinto aikuisille koirille 2 kg, Unit Price: 10,49 €, Comparison Price: 5,25 €/kg
Product: Dagsmark ELINVOIMA & VIREYS koiran kuivaruoka vehnätön kana-kaura 2 kg, Unit Price: 14,59 €, Comparison Price: 7,30 €/kg
Product: Crave Lammasta & Härkää koiranruoka 2,8kg, Unit Price: 21,15 €, Comparison Price: 7,55 €/kg
Product: Hau-Hau Champion Nokian Nappulatehtaan Kanaa, riisiä & kauraa täysravinto pienille aikuisille koirille 1,5 kg, Unit Price: 7,95 €, Comparison Price: 5,30 €/kg
Product: Crave Lammasta & Härkää koiranruoka 1kg, Unit Price: 8,29 €, Comparison Price: 8,29 €/kg
Product: Friskies 15kg Adult Nautaa koiranruoka, Unit Price: 31,90 €, Comparison Price: 2,13 €/kg
Product: Purina ONE 1,5kg Small Dog <10kg Adult Runsaasti Nautaa, sisältää Riisiä koiranruoka, Unit Price: 8,69 €, Comparison Price: 5,79 €/kg
Product: Dagsmark KEVYT & SENIORI koiran kuivaruoka vehnätön kana-kaura 10 kg, Unit Price: 58,90 €, Comparison Price: 5,89 €/kg
Product: Werraton Viljaton 2 kg, Unit Price: 12,99 €, Comparison Price: 6,50 €/kg
Product: Champ Pesis pesäpalloräpylä JR 500 right, Unit Price: 24,95 €, Comparison Price: 
Product: Fiskars FF Kokinveitsi pieni 12cm, Unit Price: 18,50 €, Comparison Price: 
Product: House omenapora, Unit Price: 3,95 €, Comparison Price: 
Product: Mutti Pelati kokonaiset kuoritut tomaatit 400g, Unit Price: 1,45 €, Comparison Price: 5,58 €/kg
Product: Mutti kirsikkatomaatit 400g, Unit Price: 1,45 €, Comparison Price: 6,04 €/kg
Product: Mutti San Marzano kokonaiset kuoritut tomaatit 400g, Unit Price: 2,65 €, Comparison Price: 10,19 €/kg
Product: Coop kuoritut kokonaiset tomaatit 400 g, Unit Price: 0,79 €, Comparison Price: 1,98 €/kg
Product: Royal 330/200g aurinkokuivattu tomaattisuikale öljyssä, Unit Price: 3,79 €, Comparison Price: 18,95 €/kg
Product: Coop kokonaiset kirsikkatomaatit 400 g, Unit Price: 1,15 €, Comparison Price: 2,87 €/kg
Product: Rainbow kuoritut tomaatit tomaattimehussa luomu 400/240g, Unit Price: 1,25 €, Comparison Price: 3,13 €/kg
Product: VegOnTable 200g Aurinkokuivattu tomaatti suikale, Unit Price: 2,49 €, Comparison Price: 24,90 €/kg
Product: Royal 330/200g aurinkokuivattu tomaattikuutio basilikaöljyssä, Unit Price: 3,79 €, Comparison Price: 18,95 €/kg
Product: Fontana Aurinkokuivattu tomaatti 180g Hienonnettu, Unit Price: 2,99 €, Comparison Price: 16,61 €/kg
Product: Royal 330/200g aurinkokuivattu tomaattikuutio öljyssä, Unit Price: 3,95 €, Comparison Price: 19,75 €/kg
Product: Rainbow aurinkokuivattu tomaatti öljyssä luomu 190/95 g, Unit Price: 2,39 €, Comparison Price: 25,16 €/kg
Product: Inpa Aurinkokuivattu Tomaatti 280g, Unit Price: 2,95 €, Comparison Price: 21,07 €/kg
Product: Royal aurinkokuivattu tomaattisuikale basilika-mausteliemessä 360/200g, Unit Price: 3,05 €, Comparison Price: 15,25 €/kg
Product: Da Vinci 180/90g puolikuivattu tomaatti öljyssä, Unit Price: 2,19 €, Comparison Price: 24,33 €/kg
Product: Carrefour Classic kirsikkatomaatit 240 g, Unit Price: 1,65 €, Comparison Price: 6,88 €/kg
Product: Herkku aurinkokuivatut tomaatit oliiviöljyssä 280 g, Unit Price: 4,75 €, Comparison Price: 33,93 €/kg
Product: Rainbow aurinkokuivatut tomaatit kuutioina öljyssä 285/145 g, Unit Price: 2,35 €, Comparison Price: 16,21 €/kg
Product: Rainbow aurinkokuivatut tomaatit puolikkaina öljyssä 285/145 g, Unit Price: 2,15 €, Comparison Price: 14,83 €/kg
Product: Coop puolikuivatut kirsikkatomaatit öljyssä 200 g, Unit Price: 2,15 €, Comparison Price: 10,75 €/kg
Product: Änglamark kuoritut tomaatit luomu 400 g, Unit Price: 1,25 €, Comparison Price: 5,21 €/kg
Product: Änglamark basmatiriisi luomu 1 kg, Unit Price: 3,69 €, Comparison Price: 3,69 €/kg
Product: Rainbow alumiinivuoka 2 l 3 kpl, Unit Price: 2,05 €, Comparison Price: 0,68 €/kpl
Product: Hau-Hau Champion Kana-ateria täysravinto 260 g, Unit Price: 1,29 €, Comparison Price: 4,96 €/kg
Product: Hau-Hau Champion Nauta-ateria täysravinto 260 g, Unit Price: 1,29 €, Comparison Price: 4,96 €/kg
Product: Hau-Hau Champion Lohiateria täysravinto 260 g, Unit Price: 1,29 €, Comparison Price: 4,96 €/kg
Product: Hau-Hau Champion Lammasateria täysravinto 260 g, Unit Price: 1,29 €, Comparison Price: 4,96 €/kg
Product: Hau-Hau Champion Possuateria täysravinto 260 g, Unit Price: 1,29 €, Comparison Price: 4,96 €/kg
Product: Hau-Hau Champion Riista-ateria täysravinto 260 g, Unit Price: 1,29 €, Comparison Price: 4,96 €/kg
Product: Rainbow 300g koiran patee naudanliha, Unit Price: 0,79 €, Comparison Price: 2,63 €/kg
Product: Hau-Hau Champion Viljaton kanaa kastikkeessa annosateria täysravinto 85 g, Unit Price: 0,69 €, Comparison Price: 8,12 €/kg
Product: Hau-Hau Champion Viljaton lohta kastikkeessa annosateria täysravinto 85 g, Unit Price: 0,69 €, Comparison Price: 8,12 €/kg
Product: Hau-Hau Champion Viljaton riistaa hyytelössä annosateria täysravinto 85 g, Unit Price: 0,69 €, Comparison Price: 8,12 €/kg
Product: Cesar Country Stew sis. Vasikkaa ja Kalkkunaa kastikkeessa (150 g), Unit Price: 1,59 €, Comparison Price: 10,60 €/kg
Product: Best-In Härkärisotto Koiran Tuoreruoka 500g, Unit Price: 2,39 €, Comparison Price: 4,78 €/kg
Product: Hau-Hau Champion Viljaton lammasta hyytelössä annosateria täysravinto 85 g, Unit Price: 0,69 €, Comparison Price: 8,12 €/kg
Product: Cesar Country Stew sis. Kanaa, Kasviksia ja Persilijaa kastikkeessa (150 g), Unit Price: 1,59 €, Comparison Price: 10,60 €/kg
Product: Rainbow 300g koiran patee kana, Unit Price: 0,79 €, Comparison Price: 2,63 €/kg
Product: Cesar Country Stew sis. Kalkkunaa ja Härkää kastikkeessa - Koiran märkäruoka annosrasiassa - (150 g), Unit Price: 1,59 €, Comparison Price: 10,60 €/kg
Product: Best-In Mustin Maksalaatikko Koiran Tuoreruoka 500g, Unit Price: 1,99 €, Comparison Price: 3,98 €/kg
Product: Cesar Classic Terrine sis. Härkää ja Maksaa terriinissä - Koiran märkäruoka annosrasiassa - (150 g), Unit Price: 1,59 €, Comparison Price: 10,60 €/kg
Product: Hau-Hau Champion Makkara-ateria kanaa 500 g, Unit Price: 2,15 €, Comparison Price: 4,30 €/kg
Product: Dagsmark LEVI kanapatee 90 g, Unit Price: 0,95 €, Comparison Price: 10,56 €/kg
Product: Cesar Classic Terrine sis. Vasikkaa ja Kanaa terriinissä - Koiran märkäruoka annosrasiassa - (150 g), Unit Price: 1,59 €, Comparison Price: 10,60 €/kg
Product: Crave Kosteaa koiranruokaa aikuisille koirille, Mureke sis. Lammasta & Härkää 150g, Unit Price: 1,85 €, Comparison Price: 12,33 €/kg
Product: Cesar Senior 10+ sis. Kanaa ja Riisiä hyytelössä (150 g), Unit Price: 1,59 €, Comparison Price: 10,60 €/kg
Product: Rainbow Koiranmakkara sisältää lohta täysrehu 500g, Unit Price: 1,45 €, Comparison Price: 2,90 €/kg
Product: Meira Paprika jauhettu 60g, Unit Price: 1,19 €, Comparison Price: 19,83 €/kg
Product: Meira Paprika jauhettu 24g, Unit Price: 0,51 €, Comparison Price: 21,25 €/kg
Product: Meira Paprika savustettu 22g, Unit Price: 1,19 €, Comparison Price: 54,09 €/kg
Product: Meira Paprika savustettu 60g, Unit Price: 2,35 €, Comparison Price: 39,17 €/kg
Product: Meira Paprika jauhettu 34g, Unit Price: 1,19 €, Comparison Price: 35,00 €/kg
Product: Xtra jauhettu paprika 100 g, Unit Price: 1,65 €, Comparison Price: 16,50 €/kg
Product: Santa Maria Paprika paprikamauste 37 g, Unit Price: 1,55 €, Comparison Price: 41,89 €/kg
Product: Santa Maria Paprika, pussi 70g, Unit Price: 1,75 €, Comparison Price: 25,00 €/kg
Product: Santa Maria Savupaprika 37 g, Unit Price: 2,19 €, Comparison Price: 59,19 €/kg
Product: Golden Star 350g Paprika, Unit Price: 5,69 €, Comparison Price: 16,26 €/kg
Product: La Chinata 70g savustettu paprikajauhe makea, Unit Price: 3,99 €, Comparison Price: 57,00 €/kg
Product: La Chinata 70g savustettu paprikajauhe tulinen, Unit Price: 3,99 €, Comparison Price: 57,00 €/kg
Product: Santa Maria Paprika Luomu, purkki 36g, Unit Price: 2,55 €, Comparison Price: 70,83 €/kg
Product: Santa Maria 22G Paprika, Unit Price: 0,59 €, Comparison Price: 26,82 €/kg
Product: Urtekram Luomu Makea paprika 28g, Unit Price: 2,29 €, Comparison Price: 81,79 €/kg
Product: URTEKRAM Luomu Voimakas paprika 28g, Unit Price: 2,49 €, Comparison Price: 88,93 €/kg
Product: Risella Basmatiriisi 1kg, Unit Price: 4,39 €, Comparison Price: 4,39 €/kg
Product: Saana 3,2l alumiinivuoka 3kpl, Unit Price: 4,59 €, Comparison Price: 1,53 €/kpl
Product: House yleisveitsi 21153424, Unit Price: 4,50 €, Comparison Price: 
Product: House kananmunaleikkuri ja -lohkoja, Unit Price: 6,90 €, Comparison Price: 
Product: Fredman Iiris muffinsivuoka 24kpl, Unit Price: 3,69 €, Comparison Price: 0,15 €/kpl
Product: House ripustinsetti 10kpl, Unit Price: 6,95 €, Comparison Price: 0,70 €/kpl
Product: House pihdit 21153416VT, Unit Price: 3,95 €, Comparison Price: 
Product: Rainbow pitkäjyväinen täysjyväriisi 1 kg, Unit Price: 2,19 €, Comparison Price: 2,19 €/kg
Product: Fredman viinerivuoka 50kpl, Unit Price: 2,95 €, Comparison Price: 0,06 €/kpl
Product: Xtra vihannesveitsi 3,5", Unit Price: 3,75 €, Comparison Price: 
Product: Fits Alumiinifolio 15m, Unit Price: 1,89 €, Comparison Price: 
Product: Housuhenkari, Unit Price: 1,95 €, Comparison Price: 
Product: Champ Pesis pesäpalloräpylä SR 1400 right, Unit Price: 44,95 €, Comparison Price: 
Product: Fiskars Functional Form kuorija, Unit Price: 8,95 €, Comparison Price: 
Product: Fiskars FF Tomaattiveitsi 12cm, Unit Price: 14,50 €, Comparison Price: 
Product: Coop koristerae sydän 55 g, Unit Price: 1,39 €, Comparison Price: 
Product: House paistinlasta reiällinen Neo 32 cm, Unit Price: 4,50 €, Comparison Price: 
Product: Meira Kirjava nonparelli 60g, Unit Price: 1,09 €, Comparison Price: 18,17 €/kg
Product: Stiga Cup pöytätennispallot 12 kpl / ltk, Unit Price: 9,95 €, Comparison Price: 0,83 €/kpl
Product: Fackelmann perunasurvin Statement, Unit Price: 8,50 €, Comparison Price: 
Product: Lasten samettihenkari tähti 5 kpl, Unit Price: 2,95 €, Comparison Price: 0,59 €/kpl
Product: Lasten samettihenkari sydän 5 kpl, Unit Price: 2,95 €, Comparison Price: 0,59 €/kpl
Product: Fredman Eko leivontavuoka 120kpl, Unit Price: 2,79 €, Comparison Price: 0,02 €/kpl
Product: GastroMax kauha koko S, Unit Price: 2,95 €, Comparison Price: 
Product: House tomaattiveitsi, Unit Price: 4,50 €, Comparison Price: 
Product: Gastromax raastin 21,5 cm, Unit Price: 6,90 €, Comparison Price: 
Product: MUU Kasvipohjainen Savuchili Maggara 250 g, Unit Price: 3,59 €, Comparison Price: 14,36 €/kg
Product: Fredman Foliovuoka kannella 1,5l 4kpl, Unit Price: 2,20 €, Comparison Price: 0,55 €/kpl
Product: Fackelmann valkosipulipuristin Statement, Unit Price: 10,95 €, Comparison Price: 
Product: Henkari non-slip 5 kpl, Unit Price: 6,95 €, Comparison Price: 1,39 €/kpl
Product: Fiskars teroituspuikko 20 cm, Unit Price: 16,50 €, Comparison Price: 
Product: Gohar Royal Basmatiriisi 1kg, Unit Price: 3,42 €, Comparison Price: 3,42 €/kg
Product: Risella Basmatiriisi keitinpussissa 4x125g, Unit Price: 2,69 €, Comparison Price: 5,38 €/kg
Product: Fackelmann vihannesleikkuri, Unit Price: 10,90 €, Comparison Price: 
Product: Dr. Oetker 78g Sweetheart koristekuvio, Unit Price: 4,59 €, Comparison Price: 58,85 €/kg
Product: House kuorija suora muovikahvalla 21153447, Unit Price: 4,50 €, Comparison Price: 
Product: Sini pukupusseja 5kpl 70x120cm, Unit Price: 2,80 €, Comparison Price: 0,56 €/kpl
Product: Fiskars Functional Form kuorija kääntyvällä terällä, Unit Price: 8,95 €, Comparison Price: 
Product: Rainbow herkkusieniä suolaliemessä 380/205g, Unit Price: 2,04 €, Comparison Price: 9,95 €/kg
Product: Snellman Kevyt kalkkunameetvursti 130g, Unit Price: 3,79 €, Comparison Price: 29,15 €/kg
Product: Rotho vatkauskulhosetti Fresh 4,0 l, Unit Price: 12,90 €, Comparison Price: 
Product: GastroMax paistinlasta 31,5 cm musta, Unit Price: 3,95 €, Comparison Price: 
Product: Rainbow alumiinivuoka 1,5l 4kpl, Unit Price: 2,39 €, Comparison Price: 0,60 €/kpl
Product: GastroMax kauha koko M, Unit Price: 3,20 €, Comparison Price: 
Product: Sini pitkä pukupussi 150 x 60 cm, Unit Price: 6,70 €, Comparison Price: 
Product: MUU Kasvigrillimakkara Jalapeno-vuusto 250 g, Unit Price: 3,59 €, Comparison Price: 14,36 €/kg
Product: Puuhenkari poikkipuulla, Unit Price: 1,95 €, Comparison Price: 
Product: Yonex Mavis 10 sulkapallo, Unit Price: 6,99 €, Comparison Price: 2,33 €/kpl
Product: House leipäveitsi Oivaveitsi 20 cm, Unit Price: 10,95 €, Comparison Price: 
Product: Henkari välipuulla 3 kpl valkoinen, Unit Price: 4,95 €, Comparison Price: 1,65 €/kpl
Product: Victorinox tomaattiveitsi 11cm, Unit Price: 9,50 €, Comparison Price: 
Product: GastroMax kauha 30 cm, Unit Price: 3,50 €, Comparison Price: 
Product: Rainbow herkkusienet viipaleina suolaliemessä 185g/115g, Unit Price: 1,05 €, Comparison Price: 9,13 €/kg
Product: Xtra herkkusieniä viipaleina 400/230g, Unit Price: 0,93 €, Comparison Price: 4,04 €/kg
Product: Hätälä Hunajainen Lohisuikale 300g, Unit Price: 5,90 €, Comparison Price: 19,67 €/kg
Product: Rainbow strösseli satu mix 50g, Unit Price: 1,25 €, Comparison Price: 25,00 €/kg
Product: Rainbow alumiinivuoka 0,85l 6kpl, Unit Price: 1,99 €, Comparison Price: 0,33 €/kpl
Product: Cosatto setripuupalat, Unit Price: 8,95 €, Comparison Price: 
Product: Fiskars vihanneskuorija 15 cm Functional Form, Unit Price: 9,50 €, Comparison Price: 
Product: House omenanlohkoja, Unit Price: 3,95 €, Comparison Price: 
Product: Risella Puuroriisi 1kg, Unit Price: 1,99 €, Comparison Price: 1,99 €/kg
Product: Fredman piirasvuoka Ø18cm kartonkinen 3kpl, Unit Price: 3,49 €, Comparison Price: 1,16 €/kpl
Product: House pullonavaaja Kukkanen, Unit Price: 3,50 €, Comparison Price: 
Product: Konvehtivuoka alumiini punainen 50 kpl, Unit Price: 3,95 €, Comparison Price: 0,08 €/kpl
Product: Fredman Foliovuoka kannella 2l 3kpl, Unit Price: 2,99 €, Comparison Price: 1,00 €/kpl
Product: Meira Valkosipulijauhe 40g, Unit Price: 1,29 €, Comparison Price: 32,25 €/kg
Product: Meira Curry ei lisättyä suolaa 25g, Unit Price: 0,61 €, Comparison Price: 24,40 €/kg
Product: Meira Sipulijauhe 30g, Unit Price: 0,75 €, Comparison Price: 25,00 €/kg
Product: Meira Grillausmauste 110g, Unit Price: 1,59 €, Comparison Price: 14,45 €/kg
Product: Xtra valkosipulijauhe 70 g, Unit Price: 1,19 €, Comparison Price: 17,00 €/kg
Product: Meira Jauhelihamauste 100g, Unit Price: 1,35 €, Comparison Price: 13,50 €/kg
Product: Meira Curry ei lisättyä suolaa 65g, Unit Price: 1,65 €, Comparison Price: 25,38 €/kg
Product: Meira Valkosipulijauhe 50g, Unit Price: 1,49 €, Comparison Price: 29,80 €/kg
Product: Meira Grillausmauste ei lisättyä suolaa 35g, Unit Price: 0,85 €, Comparison Price: 24,29 €/kg
Product: Meira Jauhelihamauste ei lisättyä suolaa 35g, Unit Price: 0,75 €, Comparison Price: 21,43 €/kg
Product: Meira Broilerimauste 100g, Unit Price: 1,59 €, Comparison Price: 15,90 €/kg
Product: Santa Maria Valkosipulijauhe 49 g, Unit Price: 1,75 €, Comparison Price: 35,71 €/kg
Product: Meira Garam Masala ei lisättyä suolaa 28g, Unit Price: 0,99 €, Comparison Price: 35,36 €/kg
Product: Golden Star 500g Valkosipulijauhe, Unit Price: 7,45 €, Comparison Price: 14,90 €/kg
Product: Meira Broilerimauste ei lisättyä suolaa 38g, Unit Price: 0,95 €, Comparison Price: 25,00 €/kg
Product: Meira Curry ei lisättyä suolaa 37g, Unit Price: 1,35 €, Comparison Price: 36,49 €/kg
Product: Meira Grillausmauste ei lisättyä suolaa 41g, Unit Price: 1,45 €, Comparison Price: 35,37 €/kg
Product: Santa Maria 30G Jauhelihamauste, Unit Price: 0,65 €, Comparison Price: 21,67 €/kg
Product: Meira Cajunmauste ei lisättyä suolaa 32g, Unit Price: 0,95 €, Comparison Price: 29,69 €/kg
Product: Xtra grillimauste 110 g, Unit Price: 1,15 €, Comparison Price: 10,45 €/kg
Product: Santa Maria Valkosipulijauhe Luomu, purkki 46g, Unit Price: 2,95 €, Comparison Price: 64,13 €/kg
Product: Golden Star 620g Grillimauste, Unit Price: 5,25 €, Comparison Price: 8,47 €/kg
Product: Xtra curry 80 g, Unit Price: 1,59 €, Comparison Price: 19,88 €/kg
Product: Meira Sipulijauhe 38g, Unit Price: 1,45 €, Comparison Price: 38,16 €/kg
Product: House sekoituslusikka Neo 29,4 cm, Unit Price: 4,50 €, Comparison Price: 
Product: Realstick salibandypallo 6kpl valkoinen, Unit Price: 4,99 €, Comparison Price: 0,83 €/kpl
Product: Meira Lakritsiströsseli 55g, Unit Price: 1,09 €, Comparison Price: 19,82 €/kg
Product: Fackelmann multiavaaja, Unit Price: 5,95 €, Comparison Price: 
Product: House perunasurvin Max 27,7 cm, Unit Price: 5,50 €, Comparison Price: 
Product: Fredman Foliovuoka kannella 0,5l 7kpl, Unit Price: 1,99 €, Comparison Price: 0,28 €/kpl
Product: Varpio Lehtikaali, Unit Price: 1,89 €, Comparison Price: 10,50 €/kg
Product: Cavi-Art merilev.musta 170 g. Vegaaninen tuote., Unit Price: 3,59 €, Comparison Price: 21,12 €/kg
Product: Sini täkkipussi 55x55x20cm, Unit Price: 6,95 €, Comparison Price: 
Product: HK Ohuen ohut Saaristolaismeetvursti 150 g, Unit Price: 3,39 €, Comparison Price: 22,60 €/kg
Product: Curver mikroastia Eco lunch kit rect 1,2L vaaleanvihreä, Unit Price: 8,90 €, Comparison Price: 
Product: Fredman alumiinivuoka 20kpl, Unit Price: 2,55 €, Comparison Price: 0,13 €/kpl
Product: Fiskars Functional Form lasta, Unit Price: 11,50 €, Comparison Price: 
Product: House paistinlasta, Unit Price: 3,90 €, Comparison Price: 
Product: Xtra hankaussieni 10 kpl, Unit Price: 0,99 €, Comparison Price: 0,10 €/kpl
Product: GastroMax kauha 22 cm, Unit Price: 2,70 €, Comparison Price: 
Product: Fat Pipe suojalasit Sr, Unit Price: 29,95 €, Comparison Price: 
Product: GOHAR Tahmariisi 1 kg, Unit Price: 2,49 €, Comparison Price: 2,49 €/kg
Product: GastroMax kauha koko M, Unit Price: 3,20 €, Comparison Price: 
Product: House purkinavaaja Max, Unit Price: 9,90 €, Comparison Price: 
Product: Henkari välipuulla 3 kpl musta, Unit Price: 4,95 €, Comparison Price: 1,65 €/kpl
Product: Bio Ecotime paistovuoka ja kansi 590ml 3kpl, Unit Price: 3,59 €, Comparison Price: 1,20 €/kpl
Product: Karhu Hand of Doom salibandypallo, Unit Price: 0,99 €, Comparison Price: 
Product: Meira Purppura nonparelli 60g, Unit Price: 1,09 €, Comparison Price: 18,17 €/kg
Product: FZ FORZA DYNAMIC 10 Badminton racket, Unit Price: 24,95 €, Comparison Price: 
Product: Dr. Oetker Soft silver pearls 45g -koristerakeet, Unit Price: 3,49 €, Comparison Price: 77,56 €/kg
Product: Risella Tumma puuroriisi 1kg, Unit Price: 2,95 €, Comparison Price: 2,95 €/kg
Product: PataPata saippuavillatyynyt 10kpl, Unit Price: 2,95 €, Comparison Price: 0,30 €/kpl
Product: Snellman 200g Kotimainen valkosipulimeetvursti viipaleet, Unit Price: 3,19 €, Comparison Price: 15,95 €/kg
Product: House kuorija Y-malli muovikahvalla 21153448VT, Unit Price: 3,95 €, Comparison Price: 
Product: Meira Oregano 5g, Unit Price: 0,59 €, Comparison Price: 118,00 €/kg
Product: Meira Basilika 7g, Unit Price: 0,67 €, Comparison Price: 95,71 €/kg
Product: Meira Timjami 13g, Unit Price: 0,95 €, Comparison Price: 73,08 €/kg
Product: Meira Tilli 8g, Unit Price: 0,65 €, Comparison Price: 81,25 €/kg
Product: Meira Rosmariini 15g, Unit Price: 0,53 €, Comparison Price: 35,33 €/kg
Product: Meira Provencale yrttiseos ei lisättyä suolaa 8g, Unit Price: 0,75 €, Comparison Price: 93,75 €/kg
Product: Meira Persilja 9g, Unit Price: 0,99 €, Comparison Price: 110,00 €/kg
Product: Meira Laakerinlehti 4g, Unit Price: 1,19 €, Comparison Price: 297,50 €/kg
Product: Xtra oregano 25 g, Unit Price: 1,15 €, Comparison Price: 46,00 €/kg
Product: Meira Meirami 5g, Unit Price: 0,56 €, Comparison Price: 112,00 €/kg
Product: Meira Rakuuna 9g, Unit Price: 1,19 €, Comparison Price: 132,22 €/kg
Product: Meira Pizzamauste ei lisättyä suolaa 32g, Unit Price: 1,39 €, Comparison Price: 43,44 €/kg
Product: Meira Ruohosipuli 2,4g, Unit Price: 0,85 €, Comparison Price: 425,00 €/kg
Product: Meira Oregano 6g, Unit Price: 1,65 €, Comparison Price: 275,00 €/kg
Product: Meira Yrttiseos Välimeren 9g, Unit Price: 0,79 €, Comparison Price: 87,78 €/kg
Product: Xtra tilli 35 g, Unit Price: 1,75 €, Comparison Price: 50,00 €/kg
Product: Meira Basilika 9g, Unit Price: 1,19 €, Comparison Price: 132,22 €/kg
Product: Santa Maria Laakerinlehti, pussi 4g, Unit Price: 0,99 €, Comparison Price: 247,50 €/kg
Product: Xtra laakerinlehti 7,5 g, Unit Price: 0,43 €, Comparison Price: 53,75 €/kg
Product: Golden Star 120g Oregano, Unit Price: 4,39 €, Comparison Price: 36,58 €/kg
Product: Xtra timjami 30 g, Unit Price: 0,65 €, Comparison Price: 21,67 €/kg
Product: Santa Maria Tilli, purkki 13g, Unit Price: 1,19 €, Comparison Price: 91,54 €/kg
Product: Meira Pizzamauste ei lisättyä suolaa 10g, Unit Price: 0,53 €, Comparison Price: 53,00 €/kg
Product: Xtra basilika 25 g, Unit Price: 1,29 €, Comparison Price: 51,60 €/kg
Product: Jonas kuorija, liikkuvateräinen, Unit Price: 5,50 €, Comparison Price: 
Product: Fredman Lilja muffinsivuoka 45kpl, Unit Price: 4,98 €, Comparison Price: 0,11 €/kpl
Product: Palaset kevytvaateripustin Vega 3kpl musta, Unit Price: 4,95 €, Comparison Price: 1,65 €/kpl
Product: Pakattu parsakaali 300g luomu, Unit Price: 1,49 €, Comparison Price: 4,97 €/kg
Product: House raastin säiliöllä, Unit Price: 3,50 €, Comparison Price: 
Product: Fredman alumiinifolio 30cmx50m, Unit Price: 7,95 €, Comparison Price: 0,16 €/m
Product: House reikäkauha, Unit Price: 6,95 €, Comparison Price: 
Product: Kotimaista friteerattu muikku 100 g, Unit Price: 3,69 €, Comparison Price: 36,90 €/kg
Product: Pyrex lasikulho 1 l Classic, Unit Price: 6,95 €, Comparison Price: 
Product: Meira Muskottipähkinä jauhettu 23g, Unit Price: 1,79 €, Comparison Price: 77,83 €/kg
Product: GameCraft sulkapallosetti Hobby 2, Unit Price: 14,95 €, Comparison Price: 
Product: Rainbow grillausalusta 34x23cm 4kpl, Unit Price: 1,99 €, Comparison Price: 0,50 €/kpl
Product: McDavid 414 patellaremmi musta, Unit Price: 19,95 €, Comparison Price: 
Product: Cosatto tyhjiöpussi 40x50cm 2 KPL, Unit Price: 4,95 €, Comparison Price: 2,48 €/kpl
Product: GastroMax kauha koko L, Unit Price: 3,50 €, Comparison Price: 
Product: Vaateripustin 8 kpl, Unit Price: 8,95 €, Comparison Price: 1,12 €/kpl
Product: Jonas valkosipulipuristin musta, Unit Price: 5,95 €, Comparison Price: 
Product: HK Ohuen ohut Milanon salami 150 g, Unit Price: 3,29 €, Comparison Price: 21,93 €/kg
Product: Fiskars kananmunaleikkuri Functional Form, Unit Price: 14,50 €, Comparison Price: 
Product: GastroMax kauha 22 cm, Unit Price: 2,70 €, Comparison Price: 
Product: Fackelmann pihdit Basic, Unit Price: 6,50 €, Comparison Price: 
Product: Fredman kartonkinen paistovuoka 1l 3 kpl, Unit Price: 1,98 €, Comparison Price: 0,66 €/kpl
Product: Myllyn Paras Pitkäriisi 1kg, Unit Price: 2,99 €, Comparison Price: 2,99 €/kg
Product: Selleri paloiteltu Hollanti, Unit Price: 0,67 €, Comparison Price: 4,49 €/kg
Product: Palaset kevytvaateripustin Olka 3kpl valkoinen, Unit Price: 3,50 €, Comparison Price: 1,17 €/kpl
Product: Palaset Olka henkari 3 kpl, musta, Unit Price: 3,95 €, Comparison Price: 1,32 €/kpl
Product: Fredman grilli-ja paistovuoka Ø28cm 3kpl, Unit Price: 3,49 €, Comparison Price: 1,16 €/kpl
Product: Fiskars Hard Edge vihannesveitsi, Unit Price: 21,50 €, Comparison Price: 
Product: Sini Sieniliina kuiva 3 kpl, Unit Price: 1,75 €, Comparison Price: 0,58 €/kpl
Product: Wilson Championship sulkapallo 6kpl, Unit Price: 11,95 €, Comparison Price: 1,99 €/kpl
Product: GastroMax kauha koko S, Unit Price: 2,95 €, Comparison Price: 
Product: GastroMax kauha 27 cm, Unit Price: 2,90 €, Comparison Price: 
Product: Wilson sulkapallosetti kahdelle, Unit Price: 26,95 €, Comparison Price: 
Product: Dr. Oetker Sprinkles Nonpareille koristerakeet 135g, Unit Price: 2,39 €, Comparison Price: 17,70 €/kg
Product: Salliselta Suklaarae 90g, Unit Price: 1,69 €, Comparison Price: 18,78 €/kg
Product: MUU Kasvisuikale Hunajainen 250g, Unit Price: 2,55 €, Comparison Price: 10,20 €/kg
Product: Salliselta Pehmeät hopeahelmet 80g, Unit Price: 1,79 €, Comparison Price: 22,38 €/kg
Product: House survin, Unit Price: 9,90 €, Comparison Price: 
Product: GastroMax kauha koko L, Unit Price: 3,50 €, Comparison Price: 
Product: Salliselta Sokeriströssli pinkki-lila 100g, Unit Price: 1,29 €, Comparison Price: 12,90 €/kg
Product: Coop kookoshiutale 200 g, Unit Price: 0,90 €, Comparison Price: 
Product: Meira Kookoshiutale 150g, Unit Price: 1,99 €, Comparison Price: 13,27 €/kg
Product: URTEKRAM luomukookoskuitujauho 280g, Unit Price: 2,15 €, Comparison Price: 7,68 €/kg
Product: Änglamark kookoshiutale luomu 200 g, Unit Price: 2,29 €, Comparison Price: 
Product: GastroMax kauha koko L, Unit Price: 3,50 €, Comparison Price: 
Product: House kananmunaleikkuri 21153449, Unit Price: 3,95 €, Comparison Price: 
Product: Nordiska Plast vatkauskulho 3,0 l valkoinen, Unit Price: 3,95 €, Comparison Price: 
Product: Green Choice Choconut pähkinävoi luomu 250g, Unit Price: 3,49 €, Comparison Price: 13,96 €/kg
Product: Disas Kirjolohenmäti 250g, Unit Price: 16,90 €, Comparison Price: 67,60 €/kg
Product: GastroMax kauha 30 cm, Unit Price: 3,50 €, Comparison Price: 
Product: Kotivara Pepperonisalami 100 g, Unit Price: 2,59 €, Comparison Price: 25,90 €/kg
Product: Coop koristeraemix 140 g, Unit Price: 1,69 €, Comparison Price: 
Product: GastroMax vatkauskulho 1,5 L, Unit Price: 2,95 €, Comparison Price: 
Product: Sunmed selkätuki yksi koko, Unit Price: 13,95 €, Comparison Price: 
Product: Muumi Puutarha vatkauskulho L, Unit Price: 19,90 €, Comparison Price: 
Product: Dr. Oetker Sprinkles Mix -koristerakeet 120g, Unit Price: 2,75 €, Comparison Price: 22,92 €/kg
Product: Dr. Oetker Football kit -koristelusetti 135g, Unit Price: 5,75 €, Comparison Price: 42,59 €/kg
Product: Dr. Oetker Design Muffinivuoat 50kpl, Unit Price: 3,19 €, Comparison Price: 0,06 €/kpl
Product: Punakaali irto, Unit Price: 3,22 €, Comparison Price: 1,79 €/kg
Product: Foodin Valkosuklaa Herkkuisa 240g, Unit Price: 5,99 €, Comparison Price: 24,96 €/kg
Product: AKRO Taikasieni® Deluxe, Unit Price: 2,79 €, Comparison Price: 
Product: House tarjoilijanavaaja 21153444, Unit Price: 5,50 €, Comparison Price: 
Product: GastroMax kauha 27 cm, Unit Price: 2,90 €, Comparison Price: 
Product: Salliselta Kirjava sokeriströsseli 100g, Unit Price: 1,45 €, Comparison Price: 14,50 €/kg
Product: Rainbow keittiöliina 10kpl, Unit Price: 1,85 €, Comparison Price: 0,19 €/kpl
Product: Rainbow All In One konetiskitabletti 50 kpl, Unit Price: 4,59 €, Comparison Price: 0,09 €/kpl
Product: Fairy Platinum All in One Lemon konetiskitabletti 51 kpl, Unit Price: 10,59 €, Comparison Price: 0,21 €/kpl
Product: Finish Power All-in-1 konetiskitabletti 20kpl, Unit Price: 2,79 €, Comparison Price: 0,14 €/kpl
Product: Coop pippurimeetvursti 150 g, Unit Price: 1,87 €, Comparison Price: 12,47 €/kg
Product: HK Ohuen ohut Louisianan salami 150 g, Unit Price: 3,39 €, Comparison Price: 22,60 €/kg
Product: Gastromax taikinakulho kannella 8l valkoinen, Unit Price: 8,95 €, Comparison Price: 
Product: Oxdog Touch Grip White Oxdog Grippi, Unit Price: 13,95 €, Comparison Price: 
Product: Nordiska Plast vatkauskulho 5,5 l valkoinen, Unit Price: 4,95 €, Comparison Price: 
Product: Nutella hasselpähkinä-kaakaolevite 350g, Unit Price: 3,69 €, Comparison Price: 10,54 €/kg
Product: House vatkauskulho non-slip 4l, Unit Price: 6,95 €, Comparison Price: 
Product: Ben's Original Basmatiriisi keitinpusseissa 8x125g, Unit Price: 7,35 €, Comparison Price: 7,35 €/kg
Product: Fredman konvehtivuoka  20kpl, Unit Price: 1,99 €, Comparison Price: 0,10 €/kpl
Product: Tuorekset Kukkakaalimuru 300g, Unit Price: 2,89 €, Comparison Price: 9,63 €/kg
Product: Valio smetana 120 g laktoositon, Unit Price: 1,49 €, Comparison Price: 12,42 €/kg
Product: Sini 5-pack Sinifinet, Unit Price: 2,39 €, Comparison Price: 0,48 €/kpl
Product: La Chinata 70g savustettu paprikajauhe tulinen, Unit Price: 3,99 €, Comparison Price: 57,00 €/kg
Product: Dr. Oetker Rainbow mix -koristerakeet 50 g, Unit Price: 2,29 €, Comparison Price: 45,80 €/kg
Product: Golden Star 350g Paprika, Unit Price: 5,69 €, Comparison Price: 16,26 €/kg
Product: Gymstick ryhtillivi L/XL, Unit Price: 14,95 €, Comparison Price: 14,95 €/pr
Product: Meira Paprika savustettu 22g, Unit Price: 1,19 €, Comparison Price: 54,09 €/kg
Product: Fat Pipe salibandymailan lapa SPD PPB deep purple R, Unit Price: 22,95 €, Comparison Price: 
Product: GOHAR Steamed Basmatiriisi 1 kg, Unit Price: 3,79 €, Comparison Price: 3,79 €/kg
Product: Teloon pöytätennispallo 6 kpl, Unit Price: 2,49 €, Comparison Price: 0,42 €/kpl
Product: Finish Ultimate All-in-1 konetiskitabletti 50kpl, Unit Price: 9,69 €, Comparison Price: 0,19 €/kpl
Product: McDavid 510 polvituki L musta, Unit Price: 13,95 €, Comparison Price: 
Product: GastroMax vatkauskulho 3 L, Unit Price: 3,95 €, Comparison Price: 
Product: Finish Classic konetiskitabletti 100kpl, Unit Price: 6,93 €, Comparison Price: 0,07 €/kpl
Product: House teräskulho kannella 2,8 l, Unit Price: 13,90 €, Comparison Price: 
Product: Rainbow sieniliina 18x20cm 3kpl, Unit Price: 0,87 €, Comparison Price: 0,29 €/kpl
Product: Kotimaista smetana 35% 120g laktoositon, Unit Price: 1,15 €, Comparison Price: 9,58 €/kg
Product: Karhu pesäpallo tenava pelipallo 95-100g, Unit Price: 17,90 €, Comparison Price: 
Product: Risella Risottoriisi 1kg, Unit Price: 1,85 €, Comparison Price: 1,85 €/kg
Product: Finish Power All-in-1 konetiskitabletti 90kpl, Unit Price: 9,28 €, Comparison Price: 0,10 €/kpl
Product: Fairy Original All in One konetiskitabletti 71 kpl, Unit Price: 11,90 €, Comparison Price: 0,17 €/kpl
Product: Arabia syvä lautanen 24h 18cm, Unit Price: 19,90 €, Comparison Price: 
Product: Finish astianpesukonesuola 1,2kg, Unit Price: 2,99 €, Comparison Price: 2,49 €/kg
Product: Karhu Hand of Doom salibandypallo, Unit Price: 0,99 €, Comparison Price: 
Product: Xtra keittiön hankaussieni 2 kpl, Unit Price: 0,85 €, Comparison Price: 0,43 €/kpl
Product: Stiga Champ pöytätennisverkko, Unit Price: 24,95 €, Comparison Price: 
Product: McDavid 513 rannetuki tarralla L/XL musta, Unit Price: 12,95 €, Comparison Price: 
Product: Rigoni di Asiago Nocciolata Luomu Vaalea hasselpähkinälevite 250g, Unit Price: 5,29 €, Comparison Price: 21,16 €/kg
Product: Pyrex lasikulho 2 l Classic, Unit Price: 4,45 €, Comparison Price: 
Product: Riso Pasini Risotto riisi 1 kg, Unit Price: 1,50 €, Comparison Price: 1,50 €/kg
Product: Rainbow 400g hasselpähkinä-kaakaolevite, Unit Price: 2,89 €, Comparison Price: 7,23 €/kg
Product: Kiilto All in 1 konetiskitabletti Hajusteeton 42 kpl, Unit Price: 6,99 €, Comparison Price: 0,17 €/kpl
Product: Rotho leivontakulhosetti Fresh, Unit Price: 12,90 €, Comparison Price: 
Product: Vileda Light&Soft talousliina 40 kpl, Unit Price: 3,99 €, Comparison Price: 
Product: Exel salibandypallo 4kpl valkoinen precision F-liiga, Unit Price: 5,95 €, Comparison Price: 1,49 €/kpl
Product: Rainbow 2kg pitkäjyväinen riisi, parboiled, Unit Price: 3,99 €, Comparison Price: 2,00 €/kg
Product: Daloplast vatkauskulho non-slip 2,5l, Unit Price: 4,95 €, Comparison Price: 
Product: Selleri, Unit Price: 2,09 €, Comparison Price: 3,49 €/kg
Product: Kotimaista pieni keräkaali 1kg, Unit Price: 2,39 €, Comparison Price: 2,39 €/kg
Product: Fat Pipe salibandymailan lapa SPD PPB deep purple L, Unit Price: 22,95 €, Comparison Price: 
Product: Sini Miina-Liina sieniliinalajitelma, Unit Price: 0,99 €, Comparison Price: 
Product: Riso Scotti pitkäjyväinen riisi 1kg, Unit Price: 1,45 €, Comparison Price: 1,45 €/kg
Product: Nutella hasselpähkinä-kaakaolevite 15g, Unit Price: 0,39 €, Comparison Price: 26,00 €/kg
Product: Snellman Voileipämeetvursti 200g, Unit Price: 3,95 €, Comparison Price: 19,75 €/kg
Product: Nocilla kaakao- ja hasselpähkinälevite 320g pullossa, Unit Price: 2,40 €, Comparison Price: 7,50 €/kg
Product: House leipäveitsi 8", Unit Price: 8,50 €, Comparison Price: 
Product: Urtekram Luomu Makea paprika 28g, Unit Price: 2,29 €, Comparison Price: 81,79 €/kg
Product: GastroMax vatkauskulho 1,5 L salvianvihreä Bio, Unit Price: 3,50 €, Comparison Price: 
Product: Karhu Hand of Doom salibandypallo, Unit Price: 0,99 €, Comparison Price: 
Product: Funcakes isot suklaapallot, pastellilajitelma 70g, Unit Price: 4,89 €, Comparison Price: 48,90 €/kg
Product: Pirteä Paksoi 200g Suomi, Unit Price: 3,19 €, Comparison Price: 15,95 €/kg
Product: Nutella hasselpähkinä-kaakaolevite 630g, Unit Price: 6,45 €, Comparison Price: 10,24 €/kg
Product: Ortiz  sardiinifileet oliiviöljyssä 190g, Unit Price: 7,29 €, Comparison Price: 52,07 €/kg
Product: Pasini Arborio Risottoriisi 500g, Unit Price: 2,25 €, Comparison Price: 4,50 €/kg
Product: Stiga Sonic pöytätennissetti 2 mailaa ja 3 palloa, Unit Price: 22,95 €, Comparison Price: 
Product: Hackman Savonia jäätelölusikka 4kpl, Unit Price: 18,90 €, Comparison Price: 4,72 €/kpl
Product: Konvehtivuoka alumiini kulta 50 kpl, Unit Price: 3,95 €, Comparison Price: 0,08 €/kpl
Product: GameCraft sulkapallo 3 kpl nylon, Unit Price: 3,45 €, Comparison Price: 1,15 €/kpl
Product: Xtra makrillifilee hiutaleina tomaattikastikkeessa 3 x 125/75g, Unit Price: 2,99 €, Comparison Price: 13,29 €/kg
Product: Fairy Platinum Plus All in One Anti-Dull Lemon konetiskitabletti 59 kpl, Unit Price: 14,19 €, Comparison Price: 0,24 €/kpl
Product: McDavid neopreenipolvituki, Unit Price: 24,95 €, Comparison Price: 
Product: Pasini Sushiriisi 500g, Unit Price: 1,65 €, Comparison Price: 3,30 €/kg
Product: Foodin Herkkuisa Hasselpähkinä-raakasuklaalevite, luomu 250g, Unit Price: 6,50 €, Comparison Price: 26,00 €/kg
Product: Änglamark konetiskitabletti 60 kpl, Unit Price: 7,95 €, Comparison Price: 0,13 €/kpl
Product: Sini Keittiöliina mikrokuitua 30x30 cm, Unit Price: 3,29 €, Comparison Price: 
Product: FZ FORZA SULKAPALLOMAILAN PAKSU GRIP, Unit Price: 8,45 €, Comparison Price: 4,22 €/kpl
Product: Vileda Pur Active hankaussieni 2 kpl, Unit Price: 1,95 €, Comparison Price: 0,98 €/kpl
Product: Rainbow All In One konetiskitabletti 30 kpl Lemon, Unit Price: 3,69 €, Comparison Price: 0,12 €/kpl
Product: Valsoia 400g la Crema Hasselpähkinälevite, Unit Price: 2,90 €, Comparison Price: 7,25 €/kg
Product: Kesäkurpitsa vihreä, Unit Price: 0,81 €, Comparison Price: 2,69 €/kg
Product: Kesäkurpitsa 250g luomu, Unit Price: 1,29 €, Comparison Price: 5,16 €/kg
Product: Rannikon kesäkurpitsa Suomi, Unit Price: 3,15 €, Comparison Price: 6,99 €/kg
Product: Myskikurpitsa, Unit Price: 1,79 €, Comparison Price: 2,99 €/kg
Product: Sunmed nilkkatuki yksi koko, Unit Price: 7,99 €, Comparison Price: 
Product: Wettex Soft & Fresh rulla 3m, Unit Price: 5,29 €, Comparison Price: 
Product: Fairy Platinum Plus All in One Anti-Dull konetiskitabletti 36 kpl, Unit Price: 9,69 €, Comparison Price: 0,27 €/kpl
Product: McDavid 451 säädettävä rannetuki musta, Unit Price: 19,95 €, Comparison Price: 
Product: Ruusukaali 300 g, Unit Price: 2,19 €, Comparison Price: 7,30 €/kg
Product: Coop pepperoni siivuina 150 g, Unit Price: 2,39 €, Comparison Price: 15,93 €/kg
Product: Abba makrillifileet tomaattikastikkeessa 125g, Unit Price: 2,29 €, Comparison Price: 18,32 €/kg
Product: McDavid 402 polvituki avoimella polvilumpiolla S musta, Unit Price: 24,95 €, Comparison Price: 
Product: Wettex Classic sieniliina 10 kpl, Unit Price: 4,69 €, Comparison Price: 0,47 €/kpl
Product: GameCraft sulkapallomaila alumiini-hiilikuitu Winner, Unit Price: 12,95 €, Comparison Price: 
Product: Kiilto All in 1 konetiskitabletti Hajusteeton 68 kpl, Unit Price: 9,59 €, Comparison Price: 0,14 €/kpl
Product: John West Sardiinit oliiviöljyssä 120/90g, Unit Price: 2,19 €, Comparison Price: 24,33 €/kpl
Product: GastroMax leivontakulho 0,8 L kirkas, Unit Price: 3,95 €, Comparison Price: 
Product: Coop makrillifilee tomaattikastikkeessa 125 g, Unit Price: 1,69 €, Comparison Price: 
Product: Nocilla Cookies & Cream hasselpähkinälevite kaakaokeksipaloilla 180g, Unit Price: 1,75 €, Comparison Price: 9,72 €/kg
Product: Xtra puuroriisi 1 kg, Unit Price: 1,79 €, Comparison Price: 1,79 €/kg
Product: Karhu Hand of Doom salibandypallo, Unit Price: 0,99 €, Comparison Price: 
Product: Snellman Pippurinen meetvursti viipaleet 120g, Unit Price: 3,49 €, Comparison Price: 29,08 €/kg
Product: Rainbow 120g sardiinit tomaattikastikkeessa, Unit Price: 1,19 €, Comparison Price: 9,92 €/kg
Product: Wilson Club luonnonsulka 12kpl, Unit Price: 25,95 €, Comparison Price: 
Product: Finish Quantum All-in-1 konetiskitabletti 60kpl, Unit Price: 7,34 €, Comparison Price: 0,12 €/kpl
Product: McDavid 409 säädettävä polvituki avoimella polvilumpiolla musta, Unit Price: 24,95 €, Comparison Price: 
Product: SAGA Folio, Unit Price: 4,69 €, Comparison Price: 0,23 €/m
Product: Spen muffinsvuoka paperia  7x5x2,5cm 100kpl, Unit Price: 1,59 €, Comparison Price: 0,02 €/kpl
Product: Deliciest Smetana 20 % 350 g, Unit Price: 1,95 €, Comparison Price: 5,57 €/kg
Product: Helsingin Katkarapu Chiliaioli 200g, Unit Price: 4,99 €, Comparison Price: 24,95 €/kg
Product: Meira Paprika jauhettu 60g, Unit Price: 1,19 €, Comparison Price: 19,83 €/kg
Product: Wettex Soft & Fresh rulla 1,5m, Unit Price: 3,19 €, Comparison Price: 
Product: GastroMax vatkauskulho 3 L salvianvihreä Bio, Unit Price: 4,50 €, Comparison Price: 
Product: Rainbow 80g mantelijauhe, Unit Price: 1,00 €, Comparison Price: 12,50 €/kg
Product: Rainbow 100g mantelilastu, Unit Price: 1,49 €, Comparison Price: 14,90 €/kg
Product: Rainbow 100g mantelirouhe, Unit Price: 1,45 €, Comparison Price: 14,50 €/kg
Product: Rainbow 80g hasselpähkinärouhe, Unit Price: 1,29 €, Comparison Price: 16,13 €/kg
Product: Änglamark mantelijauho luomu 200 g, Unit Price: 4,49 €, Comparison Price: 22,45 €/kg
Product: Meira Mantelilastu 50g, Unit Price: 1,85 €, Comparison Price: 37,00 €/kg
Product: Meira Mantelijauhe 80g, Unit Price: 2,55 €, Comparison Price: 31,87 €/kg
Product: Meira Mantelilastu 140g, Unit Price: 4,15 €, Comparison Price: 29,64 €/kg
Product: Salliselta  Mantelijauhe 800g, Unit Price: 14,89 €, Comparison Price: 18,61 €/kg
Product: Meira Mantelirouhe 80g, Unit Price: 2,55 €, Comparison Price: 31,87 €/kg
Product: Meira Mantelirouhe 250g, Unit Price: 6,09 €, Comparison Price: 24,36 €/kg
Product: Meira Mantelirouhe 650g, Unit Price: 11,29 €, Comparison Price: 17,37 €/kg
Product: Meira Mantelilastu 450g, Unit Price: 10,29 €, Comparison Price: 22,87 €/kg
Product: Dr. Oetker Mantelilastu paahdettu 50 g, Unit Price: 2,09 €, Comparison Price: 41,80 €/kg
Product: Meira Hasselpähkinäjauhe 70g, Unit Price: 2,69 €, Comparison Price: 38,43 €/kg
Product: Meira Hasselpähkinärouhe 80g, Unit Price: 2,89 €, Comparison Price: 36,13 €/kg
Product: Myllyn Paras Puuroriisi 1kg, Unit Price: 1,40 €, Comparison Price: 1,40 €/kg
Product: Yonex Mavis 2000 sulkapallo, Unit Price: 19,95 €, Comparison Price: 3,33 €/kpl
Product: House lasipurkki Silo 0,9 l, Unit Price: 3,95 €, Comparison Price: 
Product: Salliselta Nonparelli moniväri 100g, Unit Price: 1,29 €, Comparison Price: 12,90 €/kg
Product: Daloplast kulho 2,3 l, erilaisia, Unit Price: 3,20 €, Comparison Price: 
Product: Sunmed patella-polvituki, yksi koko, Unit Price: 7,99 €, Comparison Price: 
Product: Sini sieniliina kostea 18x20cm 3kpl, Unit Price: 1,75 €, Comparison Price: 0,58 €/kpl
Product: Rainbow 1kg puuroriisi, Unit Price: 1,99 €, Comparison Price: 1,99 €/kg
Product: House pukupussi 60 x 150 cm, Unit Price: 4,95 €, Comparison Price: 
Product: McDavid 491 selkätuki musta, Unit Price: 29,95 €, Comparison Price: 
Product: Xtra teräskulho 26 cm, Unit Price: 5,65 €, Comparison Price: 
Product: Kariniemen Kalkkunameetvursti 125 g, Unit Price: 3,59 €, Comparison Price: 28,72 €/kg
Product: Meira Curry ei lisättyä suolaa 65g, Unit Price: 1,65 €, Comparison Price: 25,38 €/kg
Product: Kotimaista Ruokakerma 15% UHT laktoositon 2 dl, Unit Price: 0,49 €, Comparison Price: 2,45 €/l
Product: Kotimaista 2 dl vähälaktoosinen 15% UHT ruokakerma, Unit Price: 0,49 €, Comparison Price: 2,45 €/l
Product: Valio Hyvä suomalainen Arki® ruokakerma 10 % 2 dl UHT HYLA®, Unit Price: 0,59 €, Comparison Price: 2,95 €/l
Product: Valio Keittiön ruokakerma 15 % 2 dl UHT laktoositon, Unit Price: 1,19 €, Comparison Price: 5,95 €/l
Product: Kotimaista Laktoositon ruoka 4% kasvirasvasekoite, Unit Price: 0,45 €, Comparison Price: 2,25 €/l
Product: Valio Keittiön ruokakerma 10 % 3,3 dl laktoositon, Unit Price: 2,79 €, Comparison Price: 8,45 €/l
Product: Flora Ruoka Kevyt & Paksu 4% laktoositon 2,5 dl, Unit Price: 1,35 €, Comparison Price: 5,40 €/l
Product: Arla Lempi Ruokakerma 3 dl 22% laktoositon, Unit Price: 1,85 €, Comparison Price: 6,17 €/l
Product: Kotimaista Laktoositon ruoka 7% kasvirasvasekoite, Unit Price: 0,59 €, Comparison Price: 2,95 €/l
Product: Juustoportti Ruokakerma 10 % 3,3 dl laktoositon, Unit Price: 2,49 €, Comparison Price: 7,55 €/l
Product: Flora Ruoka 15% laktoositon 2,5 dl, Unit Price: 1,25 €, Comparison Price: 5,00 €/l
Product: Valio ruokakerma 2,5 dl Pippuripekka pippurijuusto UHT laktoositon, Unit Price: 1,99 €, Comparison Price: 7,96 €/l
Product: Valio ruokakerma 2,5 dl kolme juustoa UHT laktoositon, Unit Price: 1,99 €, Comparison Price: 7,96 €/l
Product: Kotimaista laktoositon pippurikerma 15 % 2 dl UHT, Unit Price: 1,45 €, Comparison Price: 7,25 €/l
Product: Kotimaista laktoositon juustokerma 15 % 2 dl UHT, Unit Price: 1,45 €, Comparison Price: 7,25 €/l
Product: Valio ruokakerma 2,5 dl kolme sipulia UHT laktoositon, Unit Price: 1,99 €, Comparison Price: 7,96 €/l
Product: Valio ruokakerma 2,5 dl sitruuna ja pippuri UHT laktoositon, Unit Price: 1,99 €, Comparison Price: 7,96 €/l
Product: Valio Keittiön kevytkerma 2 dl UHT laktoositon, Unit Price: 1,15 €, Comparison Price: 5,75 €/l
Product: Valio kermainen ruskea kastike 3 dl laktoositon, Unit Price: 2,95 €, Comparison Price: 9,83 €/l
Product: Valio ruokakerma 2,5 dl sweet chili UHT laktoositon, Unit Price: 1,99 €, Comparison Price: 7,96 €/l
Product: Valio ruokakerma 2,5 dl Kippari® savujuusto UHT laktoositon, Unit Price: 1,99 €, Comparison Price: 7,96 €/l
Product: Valio kermainen currykastike 3 dl laktoositon, Unit Price: 2,95 €, Comparison Price: 9,83 €/l
Product: Kotimaista laktoositon sipulikerma 15 % 2 dl UHT, Unit Price: 1,45 €, Comparison Price: 7,25 €/l
Product: Arla Lempi Chili ruokakerma laktoositon 2 dl, Unit Price: 1,49 €, Comparison Price: 7,45 €/l
Product: Fat Pipe musta/kulta SB-Suojalasit JR, Unit Price: 29,95 €, Comparison Price: 
Product: Rainbow Sieniliinarulla 1,5m, Unit Price: 2,69 €, Comparison Price: 
Product: McDavid 402 polvituki avoimella polvilumpiolla M musta, Unit Price: 24,95 €, Comparison Price: 
Product: Rainbow kertakäyttökäsineet M/L 50kpl, Unit Price: 9,95 €, Comparison Price: 0,20 €/kpl
Product: Xtra kertakäyttökäsineet M 100 kpl, Unit Price: 7,59 €, Comparison Price: 0,08 €/kpl
Product: Rainbow talouskäsineet M-koko, Unit Price: 0,50 €, Comparison Price: 
Product: Rainbow talouskäsineet L-koko, Unit Price: 0,50 €, Comparison Price: 
Product: Rainbow kertakäyttökäsineet S/M puuteroimaton 50kpl, Unit Price: 9,95 €, Comparison Price: 0,20 €/kpl
Product: Akro kertakäyttökäsine L 100kpl, Unit Price: 7,49 €, Comparison Price: 0,07 €/kpl
Product: Rainbow talouskäsineet S-koko, Unit Price: 0,50 €, Comparison Price: 
Product: Saima kertakäyttökäsineet, Unit Price: 1,29 €, Comparison Price: 0,03 €/kpl
Product: Akro kertakäyttökäsine M 100kpl, Unit Price: 7,49 €, Comparison Price: 0,07 €/kpl
Product: Sini puuvillakäsine valkoinen, Unit Price: 1,59 €, Comparison Price: 
Product: Vileda Food Safe 40 kpl kertakäyttökäsine nitriiliä, koko M/L, Unit Price: 8,95 €, Comparison Price: 0,22 €/kpl
Product: Vileda Natural Latex 10 kertakäyttökäsine koko S/M, Unit Price: 3,49 €, Comparison Price: 0,35 €/kpl
Product: Vileda Natural Latex 40 kertakäyttökäsine koko M/L, Unit Price: 8,49 €, Comparison Price: 0,21 €/kpl
Product: Vileda Dermo Plus talouskäsine koko M (nitriiliä), Unit Price: 3,99 €, Comparison Price: 
Product: Vileda Dermo Plus L nitriilitalouskäsine 1 pari, Unit Price: 3,99 €, Comparison Price: 
Product: Vileda Super Grip talouskäsine koko M, Unit Price: 2,99 €, Comparison Price: 2,99 €/pr
Product: Fat Pipe salibandymailan grippi Wetter the Better harmaa/oranssi, Unit Price: 14,95 €, Comparison Price: 
Product: Sun Classic Täyttöpakkaus Konetiskiaine Tiivistetty Ympäristömerkki 1 kg 58 pesua, Unit Price: 4,89 €, Comparison Price: 4,89 €/kg
Product: Meira Grillausmauste 110g, Unit Price: 1,59 €, Comparison Price: 14,45 €/kg
Product: House teräskulho kannella 1,4 l, Unit Price: 10,90 €, Comparison Price: 
Product: Santa Maria Valkosipulijauhe 49 g, Unit Price: 1,75 €, Comparison Price: 35,71 €/kg
Product: Meira Valkosipulijauhe 50g, Unit Price: 1,49 €, Comparison Price: 29,80 €/kg
Product: Riitan Herkku Mango-Passiomoussekakku 650g, Unit Price: 15,55 €, Comparison Price: 23,92 €/kg
Product: Trube Suklaa-appelsiinikakku 400 g suklaa-appelsiinitäytteinen kakku, Unit Price: 11,59 €, Comparison Price: 28,98 €/kg
Product: Uudenmaan Leipä 400g Ellen Svinhufvud kakku, Unit Price: 28,90 €, Comparison Price: 72,25 €/kg
Product: Riitan Herkku Sacherkakku 700g, Unit Price: 15,45 €, Comparison Price: 22,07 €/kg
Product: Fazer Pieni suklaakakku 340g, Unit Price: 15,80 €, Comparison Price: 46,47 €/kpl
Product: SATUMAISTA NAPOLEONKAKKU 400G, Unit Price: 5,30 €, Comparison Price: 13,25 €/kg
Product: Fazer Taikayö suklaakakkurulla 485g, Unit Price: 12,55 €, Comparison Price: 25,88 €/kg
Product: Riitan Herkku Kinuskikakku 700g, Unit Price: 16,29 €, Comparison Price: 23,27 €/kg
Product: Elonen Kuningatarkakku 650g, Unit Price: 16,55 €, Comparison Price: 25,46 €/kg
Product: Satumaista Cappuccino-kakku 220g, Unit Price: 5,69 €, Comparison Price: 25,86 €/kg
Product: Trube Kinkkukakku 500g kinkku-juustotäytteinen voileipäkakku, Unit Price: 15,50 €, Comparison Price: 31,00 €/kg
Product: Fazer Marianne -minttusuklaakakkurulla 485g, Unit Price: 12,55 €, Comparison Price: 25,88 €/kg
Product: Elonen Mousse Vadelma-jogurttikakku 450g, Unit Price: 14,35 €, Comparison Price: 31,89 €/kg
Product: Satumaista Sitruunarahkakakku 370 g, Unit Price: 6,90 €, Comparison Price: 18,65 €/kg
Product: Satumaista 300g Britakakku, Unit Price: 5,40 €, Comparison Price: 18,00 €/kg
Product: Satumaista 730g Mansikka-suklaa täytekakku, Unit Price: 13,45 €, Comparison Price: 18,42 €/kg
Product: Rosten Mansikkakakku 10 henk 1000g, Unit Price: 31,90 €, Comparison Price: 31,90 €/kg
Product: Elonen HELMI Mustikkainen Juustokakku 550g, Unit Price: 16,89 €, Comparison Price: 30,71 €/kg
Product: Laitilan Leipä Vadelma-Mustikkakakku 400 g Laktoositon, Maidoton Kerroskakku suomalaisilla marjoilla., Unit Price: 9,55 €, Comparison Price: 23,88 €/kg
Product: Kanniston Leipomon Suklaavadelmakakku 8-10 hlö 770 g, Unit Price: 33,80 €, Comparison Price: 43,90 €/kg
Product: Fazer Ihana hetki passion-juustokakkurulla 485g, Unit Price: 12,55 €, Comparison Price: 25,88 €/kg
Product: Elonen Mustikka-vaniljakakku 650g, Unit Price: 16,75 €, Comparison Price: 25,77 €/kg
Product: Laitilan Leipä Mansikkakakku 400 g Laktoositon, Maidoton Kerroskakku mansikan ystävälle, Unit Price: 9,55 €, Comparison Price: 23,88 €/kg
Product: Fazer Käpykakku 710g, täytekakku, Unit Price: 25,50 €, Comparison Price: 35,92 €/kg
Product: Orthex suppilo 13cm valkoinen, Unit Price: 2,20 €, Comparison Price: 
Product: Risella Sushiriisi 500g, Unit Price: 1,72 €, Comparison Price: 3,44 €/kg
Product: Riso Scotti 1kg Arborio risottoriisi, Unit Price: 4,25 €, Comparison Price: 4,25 €/kg
Product: Meira Jauhelihamauste 100g, Unit Price: 1,35 €, Comparison Price: 13,50 €/kg
Product: Xtra tilli 35 g, Unit Price: 1,75 €, Comparison Price: 50,00 €/kg
Product: Meira Broilerimauste ei lisättyä suolaa 38g, Unit Price: 0,95 €, Comparison Price: 25,00 €/kg
Product: House keittiövaaka 14024413, valkoinen, Unit Price: 15,90 €, Comparison Price: 
Product: House elektroninen keittiövaaka pinkki, Unit Price: 10,50 €, Comparison Price: 
Product: Suomen Lämpömittari paistolämpömittari 372, Unit Price: 19,90 €, Comparison Price: 
Product: House keittiövaaka teräs 15025298, Unit Price: 13,50 €, Comparison Price: 
Product: House elektroninen keittiövaaka, Unit Price: 19,90 €, Comparison Price: 
Product: Suomen Lämpömittari ruokalämpömittari 4016, Unit Price: 36,50 €, Comparison Price: 
Product: Suomen lämpömittari paistolämpömittari, Unit Price: 4,50 €, Comparison Price: 
Product: Suomen lämpömittari uunilämpömittari 924, Unit Price: 6,50 €, Comparison Price: 
Product: Suomen Lämpömittari paisto- ja uunilämpömittari 376, Unit Price: 49,50 €, Comparison Price: 
Product: Suomen lämpömittari paistolämpömittari, Unit Price: 4,95 €, Comparison Price: 
Product: Meira Valkosipulijauhe 40g, Unit Price: 1,29 €, Comparison Price: 32,25 €/kg
Product: Santa Maria 30G Jauhelihamauste, Unit Price: 0,65 €, Comparison Price: 21,67 €/kg
Product: House leikkuulauta 29 cm taipuisa, Unit Price: 2,80 €, Comparison Price: 
Product: Daloplast Leikkuulauta Bio 35x25 cm, Unit Price: 7,50 €, Comparison Price: 
Product: Daloplast leikkuulauta 5+7 mm 2-pack, Unit Price: 6,95 €, Comparison Price: 
Product: Leikkuulauta HD023 36x24 cm, Unit Price: 4,90 €, Comparison Price: 
Product: Daloplas leikkuulauta 2 kpl 4+5 mm, Unit Price: 5,50 €, Comparison Price: 
Product: House leikkuulauta 35x25cm, Unit Price: 5,90 €, Comparison Price: 
Product: Daloplast Leikkuulauta Bio 25x15 cm, Unit Price: 5,50 €, Comparison Price: 
Product: Leikkuulauta HD020 27x16,5 cm, Unit Price: 3,50 €, Comparison Price: 
Product: House leikkuulauta taipuisa 37x29cm, Unit Price: 3,50 €, Comparison Price: 
Product: NDK Swiss leikkuulauta 35 x 23 cm, Unit Price: 14,90 €, Comparison Price: 
Product: House leikkuulauta Graniitti 3 kpl, Unit Price: 4,50 €, Comparison Price: 1,50 €/kpl
Product: Daloplast leikkuulauta 350x250x4 mm biomateriaali, Unit Price: 7,50 €, Comparison Price: 
Product: Daloplast leikkuulauta 250x150x5 mm biomateriaali, Unit Price: 5,50 €, Comparison Price: 
Product: NDK Swiss leikkuulauta 40 x 26 cm, Unit Price: 17,90 €, Comparison Price: 
Product: House leikkuulauta non-slip 35x25x1cm, Unit Price: 11,90 €, Comparison Price: 
Product: Pinetta 0,5 l parafiiniöljy, Unit Price: 13,90 €, Comparison Price: 
Product: GastroMax leikkuulauta 30x20,5cm, Unit Price: 7,50 €, Comparison Price: 
Product: Pinetta 36x26 cm  Leikkuulauta käsikololla tervaleppää, Unit Price: 25,50 €, Comparison Price: 
Product: GastroMax leikkuulauta 35x25cm, Unit Price: 9,90 €, Comparison Price: 
Product: Pinetta leikkuulauta  40x30x2,3 cm öljyttyä tervaleppää, Unit Price: 35,50 €, Comparison Price: 
Product: Santa Maria Taco Spice Mix mausteseos jauhelihalle 28 g, Unit Price: 1,15 €, Comparison Price: 41,07 €/kg
Product: Santa Maria Taco Spice Mix mausteseos jauhelihalle 3 kpl, 3 x 28 g, Unit Price: 2,79 €, Comparison Price: 33,21 €/kg
Product: Santa Maria Fajita Spice Mix Original mausteseos kanalle 28 g, Unit Price: 1,09 €, Comparison Price: 38,93 €/kg
Product: Santa Maria Crispy Chicken Spice Mix Mausteseos kanalle 50 g, Unit Price: 1,25 €, Comparison Price: 25,00 €/kg
Product: Coop fajitamausteseos mild 36 g, Unit Price: 0,32 €, Comparison Price: 8,89 €/kg
Product: Coop tacomausteseos mild 36 g, Unit Price: 0,75 €, Comparison Price: 20,83 €/kg
Product: Santa Maria Chicken Taco Spice Mix mausteseos kanalle 28 g, Unit Price: 1,19 €, Comparison Price: 42,50 €/kg
Product: Xtra tacomausteseos 30 g, Unit Price: 0,32 €, Comparison Price: 
Product: Santa Maria Taco Spice Mix Hot Cayenne tulinen mausteseos 28 g, Unit Price: 1,09 €, Comparison Price: 38,93 €/kg
Product: Poppamies Texmex Spice Mix Tacos medium mausteseos 23g, Unit Price: 0,95 €, Comparison Price: 41,30 €/kg
Product: Coop tacomausteseos mild 3-pack 108 g, Unit Price: 1,99 €, Comparison Price: 18,43 €/kg
Product: Santa Maria 28G Chili & Lime Taco Spice Mix, Unit Price: 1,49 €, Comparison Price: 53,21 €/kg
Product: Old El Paso 30g Fajita Spice Mix maustesekoitus Smoky BBQ, Unit Price: 0,99 €, Comparison Price: 33,00 €/kg
Product: Classic Spice Mix - Mausteseos paprikan, valkosipulin ja sinapin maulla., Unit Price: 1,25 €, Comparison Price: 52,08 €/kg
Product: Smokey Spice Mix - Savuinen mausteseos, jossa savustettua paprikaa, chiliä ja kuminaa., Unit Price: 1,25 €, Comparison Price: 52,08 €/kg
Product: Old El Paso 25g Taco Mausteseos Original, Unit Price: 0,99 €, Comparison Price: 39,60 €/kg
Product: Santa Maria Burrito Spice Mix mausteseos 28 g, Unit Price: 1,09 €, Comparison Price: 38,93 €/kg
Product: Poppamies Texmex Spice Mix Fajitas mausteseos 20g, Unit Price: 0,95 €, Comparison Price: 47,50 €/kg
Product: Santa Maria Chili Con Carne Spice Mix, mausteseos 40g, Unit Price: 1,09 €, Comparison Price: 38,93 €/kg
Product: Santa Maria Vegetarian Taco Mix Kasvistacotäyte, 65g, Unit Price: 2,39 €, Comparison Price: 36,77 €/kg
Product: Santa Maria Guacamole Dip Mix Mausteseos 15 g, Unit Price: 1,09 €, Comparison Price: 72,67 €/kg
Product: Old El Paso 45g Cheddar Dip Mix, Unit Price: 1,59 €, Comparison Price: 35,33 €/kg
Product: Santa Maria Dip Mix American Ranch mausteseos 14 g, Unit Price: 1,29 €, Comparison Price: 92,14 €/kg
Product: Santa Maria Dip Mix Cheese mausteseos 16 g, Unit Price: 1,29 €, Comparison Price: 80,63 €/kg
Product: Xtra basilika 25 g, Unit Price: 1,29 €, Comparison Price: 51,60 €/kg
Product: Rainbow paahdettu sipulirouhe 200 g, Unit Price: 1,72 €, Comparison Price: 8,60 €/kg
Product: Rainbow paahdettu sipulirouhe 100 g, Unit Price: 1,55 €, Comparison Price: 15,50 €/kg
Product: Capsi Sipulisuikale 150g, Unit Price: 2,79 €, Comparison Price: 18,60 €/kpl
Product: Finlandia Snacks sokeroitu Inkivääri 250g, Unit Price: 4,69 €, Comparison Price: 18,76 €/kg
Product: Golden Star Keittomauste 200 g, Unit Price: 4,95 €, Comparison Price: 24,75 €/kg
Product: Kuivattu Kantarelli 20 g, Unit Price: 10,95 €, Comparison Price: 547,50 €/kg
Product: Kuivattu Suppilovahvero 15 g, Unit Price: 10,95 €, Comparison Price: 730,00 €/kg
Product: Kuivattu Herkkutatti 20 g, Unit Price: 10,95 €, Comparison Price: 547,50 €/kg
Product: Xtra laakerinlehti 7,5 g, Unit Price: 0,43 €, Comparison Price: 53,75 €/kg
Product: Meira Pizzamauste ei lisättyä suolaa 10g, Unit Price: 0,53 €, Comparison Price: 53,00 €/kg
Product: Meira Basilika 7g, Unit Price: 0,67 €, Comparison Price: 95,71 €/kg
Product: Meira Laakerinlehti 4g, Unit Price: 1,19 €, Comparison Price: 297,50 €/kg
Product: Meira Rosmariini 15g, Unit Price: 0,53 €, Comparison Price: 35,33 €/kg
Product: Meira Ruohosipuli 2,4g, Unit Price: 0,85 €, Comparison Price: 425,00 €/kg
Product: Santa Maria Tilli, purkki 13g, Unit Price: 1,19 €, Comparison Price: 91,54 €/kg
Product: Meira Oregano 5g, Unit Price: 0,59 €, Comparison Price: 118,00 €/kg
Product: Meira Broilerimauste 100g, Unit Price: 1,59 €, Comparison Price: 15,90 €/kg
Product: Nestlé 333g Lemontea teejuomajauhe, Unit Price: 2,99 €, Comparison Price: 8,98 €/kg
Product: Lipton Sitruunanmakuinen jääteejuomajauhe 50g, Unit Price: 1,25 €, Comparison Price: 24,04 €/kg
Product: Lipton Persikanmakuinen jääteejuomajauhe 50g, Unit Price: 1,25 €, Comparison Price: 25,00 €/kg
Product: Lipton Mangonmakuinen jääteejuomajauhe 50g, Unit Price: 1,25 €, Comparison Price: 25,00 €/kg
Product: Espresso House Chai teejuomajauhe 340g, Unit Price: 10,95 €, Comparison Price: 32,21 €/kg
Product: Meira Kookoshiutale 150g, Unit Price: 1,99 €, Comparison Price: 13,27 €/kg
Product: Sunmed urheiluteippi 3,8 cm x 10 m SMD, Unit Price: 3,99 €, Comparison Price: 
Product: Sunmed kinesioteippi 5 cm x 5 m beige, Unit Price: 5,29 €, Comparison Price: 
Product: Sunmed urheiluteippi 2,5 cm x 10 m, Unit Price: 2,99 €, Comparison Price: 
Product: Sunmed kinesioteippi 5 cm x 5 m musta, Unit Price: 5,29 €, Comparison Price: 
Product: Sunmed urheiluteippi 3,8 cm x 10 m camo vihreä, Unit Price: 3,99 €, Comparison Price: 
Product: Sunmed kinesioteippi 5 cm x 5 m sininen, Unit Price: 5,29 €, Comparison Price: 
Product: Sunmed itsekiinnittyvä tukiside 7,5 cm x 4,5 m musta, Unit Price: 3,99 €, Comparison Price: 
Product: Sunmed kinesioteippi 5 cm x 5 m pinkki, Unit Price: 5,29 €, Comparison Price: 
Product: Sunmed kinesioteippi 5 cm x 5 m camo vihreä, Unit Price: 5,99 €, Comparison Price: 
Product: KT-Tape Original kinesioteippi 5m, beige, Unit Price: 15,95 €, Comparison Price: 
Product: Sunmed itsekiinnittyvä tukiside 7,5 cm x 4,5 m turkoosi, Unit Price: 3,99 €, Comparison Price: 
Product: KT-Tape Original kinesioteippi 5m, musta, Unit Price: 15,95 €, Comparison Price: 
Product: KT-Tape Original kinesioteippi 5m, sininen, Unit Price: 15,95 €, Comparison Price: 
Product: Sunmed itsekiinnittyvä tukiside 7,5 cm x 4,5 m camo vihreä, Unit Price: 3,99 €, Comparison Price: 
Product: KT-Tape Original kinesioteippi 5m, pinkki, Unit Price: 15,95 €, Comparison Price: 
Product: Sunmed itsekiinnittyvä tukiside 7,5 cm x 4,5 m camo pinkki, Unit Price: 3,99 €, Comparison Price: 
Product: URTEKRAM luomukookoskuitujauho 280g, Unit Price: 2,15 €, Comparison Price: 7,68 €/kg
Product: Meira Sipulijauhe 38g, Unit Price: 1,45 €, Comparison Price: 38,16 €/kg
Product: Meira Grillausmauste ei lisättyä suolaa 35g, Unit Price: 0,85 €, Comparison Price: 24,29 €/kg
Product: Meira Garam Masala ei lisättyä suolaa 28g, Unit Price: 0,99 €, Comparison Price: 35,36 €/kg
Product: Meira Oregano 6g, Unit Price: 1,65 €, Comparison Price: 275,00 €/kg
Product: Meira Tilli 8g, Unit Price: 0,65 €, Comparison Price: 81,25 €/kg
Product: Meira Yrttiseos Välimeren 9g, Unit Price: 0,79 €, Comparison Price: 87,78 €/kg
Product: Piltti Iso Välipala 150g  Omena-Mustikka, Vadelma, Karhunvatukka 1,5+v annospussi, Unit Price: 1,15 €, Comparison Price: 7,67 €/kg
Product: Piltti 150g Iso välipala Omena-vadelma-banaani 1,5+v annospussi, Unit Price: 1,19 €, Comparison Price: 7,93 €/kg
Product: Piltti Iso Välipala 150g Omena-Persikka 1,5+v annospussi, Unit Price: 1,15 €, Comparison Price: 7,67 €/kg
Product: Piltti 150g Iso välipala Omena-banaani-porkkana 1,5+v annospussi, Unit Price: 1,19 €, Comparison Price: 7,93 €/kg
Product: Piltti Iso Välipala 150g Omena ja Aprikoosi 1,5+v annospussi, Unit Price: 1,15 €, Comparison Price: 7,67 €/kg
Product: Piltti 12x150g Iso välipala Säästöpakkaus 1,5+v annospussi, Unit Price: 12,95 €, Comparison Price: 7,19 €/kg
Product: Piltti 150g Iso välipala Omena-porkkana-kurpitsa 2+v annospussi, Unit Price: 1,19 €, Comparison Price: 7,93 €/kg
Product: Piltti 150g Smoothie Jogurtti-mango-banaani-kaura 1,5v+ annospussi, Unit Price: 1,39 €, Comparison Price: 9,27 €/kg
Product: Piltti 150g Smoothie Jogurtti-mustikka-banaani-kaura 1,5v+ annospussi, Unit Price: 1,39 €, Comparison Price: 9,27 €/kg
Product: Xtra oregano 25 g, Unit Price: 1,15 €, Comparison Price: 46,00 €/kg
Product: Valkosipuli, Unit Price: 0,38 €, Comparison Price: 6,99 €/kg
Product: Rainbow valkosipuli 100g, Unit Price: 0,75 €, Comparison Price: 7,50 €/kg
Product: Rainbow valkosipuli yksikyntinen 100g, Unit Price: 1,59 €, Comparison Price: 15,90 €/kg
Product: Valkosipuli 250g Argentiina, Unit Price: 2,29 €, Comparison Price: 9,16 €/kg
Product: Valkosipuli 100g luomu, Unit Price: 1,09 €, Comparison Price: 10,90 €/kg
Product: Kotimaista valkosipuli 100g, Unit Price: 2,39 €, Comparison Price: 23,90 €/kg
Product: Valkosipuli 200g, Unit Price: 4,19 €, Comparison Price: 20,95 €/kg
Product: Vanish GOLD White 470g tahranpoistojauhe, Unit Price: 5,59 €, Comparison Price: 11,89 €/kg
Product: Dr Beckmann 500ml Sappisaippua Tahranpoistoon, Unit Price: 4,99 €, Comparison Price: 9,98 €/l
Product: Dr Beckmann 100g Sappisaippua, Unit Price: 2,89 €, Comparison Price: 28,90 €/kg
Product: Vanish GOLD Pink 470g tahranpoistojauhe, Unit Price: 5,59 €, Comparison Price: 11,89 €/kg
Product: Vanish Pink tahranpoistojauhe 940g, Unit Price: 8,90 €, Comparison Price: 9,47 €/kg
Product: Vanish Pink 0% tahranpoistojauhe 440g, Unit Price: 5,59 €, Comparison Price: 12,70 €/kg
Product: Rainbow 500g tahranpoistojauhe, Unit Price: 2,49 €, Comparison Price: 4,98 €/kg
Product: Rainbow nestemäinen tahranpoistoaine 250 ml, Unit Price: 1,59 €, Comparison Price: 6,36 €/l
Product: Dr Beckmann 250 ml Tahranpoistoneste, Unit Price: 3,99 €, Comparison Price: 15,96 €/l
Product: Vanish Esikäsittelysuihke 750ml, Unit Price: 5,59 €, Comparison Price: 7,45 €/l
Product: Vanish White tahranpoistojauhe 940g, Unit Price: 8,90 €, Comparison Price: 9,47 €/kg
Product: Vanish Pink tahranpoistojauhe 630g, Unit Price: 5,99 €, Comparison Price: 9,51 €/kg
Product: LV 150ml tahranpoistospray 2in1, Unit Price: 2,49 €, Comparison Price: 16,60 €/l
Product: Vanish White tahranpoistojauhe 630g, Unit Price: 5,99 €, Comparison Price: 9,51 €/kg
Product: Vanish gold esikäsittelyaine 200 ml, Unit Price: 4,99 €, Comparison Price: 24,95 €/l
Product: Vanish tahranpoistoneste Pink 750ml, Unit Price: 7,49 €, Comparison Price: 9,99 €/l
Product: Vanish 500ml matto/tekstiilisuihke, Unit Price: 6,99 €, Comparison Price: 13,98 €/l
Product: Dr Beckmann 650ml Tahranpoistaja matoille, Unit Price: 6,19 €, Comparison Price: 9,52 €/l
Product: Vanish Esikäsittelysuihke 0% tahranpoistoon 700ml, Unit Price: 5,59 €, Comparison Price: 7,99 €/l
Product: Lumme tahranpoistaja 350ml, Unit Price: 4,99 €, Comparison Price: 14,26 €/l
Product: Vanish Mattovaahto 600ml, Unit Price: 5,99 €, Comparison Price: 9,98 €/l
Product: Sanytol 450g Desinfiointiaine Tahranpoistaja, Unit Price: 5,89 €, Comparison Price: 13,09 €/kg
Product: OnXOn Sappisaippua 160g, Unit Price: 3,99 €, Comparison Price: 24,94 €/kg
Product: Vanish White tahranpoistoneste 750ml, Unit Price: 7,49 €, Comparison Price: 9,99 €/l
Product: Coop kookoshiutale 200 g, Unit Price: 0,90 €, Comparison Price: 
Product: Meira Pizzamauste ei lisättyä suolaa 32g, Unit Price: 1,39 €, Comparison Price: 43,44 €/kg
Product: Santa Maria Laakerinlehti, pussi 4g, Unit Price: 0,99 €, Comparison Price: 247,50 €/kg
Product: Ben's Original Pitkäjyväinen riisi 1kg, Unit Price: 3,95 €, Comparison Price: 3,95 €/kg
Product: Xtra Parboiled pitkäjyväinen riisi 2 kg, Unit Price: 1,69 €, Comparison Price: 0,85 €/kg
Product: Rainbow pitkäjyväinen riisi 1 kg, Unit Price: 2,15 €, Comparison Price: 2,15 €/kg
Product: Xtra pitkäjyväinen riisi 1 kg, Unit Price: 0,85 €, Comparison Price: 0,85 €/kg
Product: Ben's Original Pitkäjyväinen riisi keitinpusseissa 4x125g, Unit Price: 2,59 €, Comparison Price: 5,18 €/kg
Product: Ben's Original Pitkäjyväinen riisi keitinpusseissa 8x125g, Unit Price: 4,69 €, Comparison Price: 4,69 €/kg
Product: Rainbow 2kg pitkäjyväinen riisi, parboiled, Unit Price: 3,99 €, Comparison Price: 2,00 €/kg
Product: Myllyn Paras Pitkäriisi 1kg, Unit Price: 3,25 €, Comparison Price: 3,25 €/kg
Product: Risella Pitkäriisi Paellariisi 1kg, Unit Price: 1,88 €, Comparison Price: 1,88 €/kg
Product: Riso Scotti pitkäjyväinen riisi 1kg, Unit Price: 2,75 €, Comparison Price: 2,75 €/kg
Product: GOHAR Tahmariisi 1 kg, Unit Price: 2,49 €, Comparison Price: 2,49 €/kg
Product: Arla Vispikerma laktoositon 2 dl Uht Suomi, Unit Price: 1,29 €, Comparison Price: 6,45 €/l
Product: Cessibon 250g spraykermavaahto, Unit Price: 1,55 €, Comparison Price: 6,20 €/kg
Product: Valio Keittiön vispikerma 2 dl UHT laktoositon, Unit Price: 2,09 €, Comparison Price: 10,45 €/l
Product: Juustoportti Vispikerma 5 dl laktoositon UHT, Unit Price: 3,85 €, Comparison Price: 7,70 €/l
Product: Flora Vispi 24% Vähälaktoosinen 2,5 dl, Unit Price: 1,89 €, Comparison Price: 7,56 €/l
Product: Président sokeroimaton kermavaahto spray 250g, Unit Price: 2,99 €, Comparison Price: 11,96 €/kg
Product: Valio kinuskikerma 2,5 dl laktoositon, Unit Price: 2,89 €, Comparison Price: 11,56 €/l
Product: Vapaa vispikerma 2,5 dl laktoositon UHT, Unit Price: 1,69 €, Comparison Price: 6,76 €/l
Product: Rainbow 80g hasselpähkinärouhe, Unit Price: 1,29 €, Comparison Price: 16,13 €/kg
Product: Meira Timjami 13g, Unit Price: 0,95 €, Comparison Price: 73,08 €/kg
Product: Golden Star Keittomauste 200 g, Unit Price: 3,95 €, Comparison Price: 19,75 €/kg
Product: Meira Mantelilastu 450g, Unit Price: 10,29 €, Comparison Price: 22,87 €/kg
Product: Myskikurpitsa, Unit Price: 1,79 €, Comparison Price: 2,99 €/kg
Product: Rannikon kesäkurpitsa Suomi, Unit Price: 1,80 €, Comparison Price: 3,99 €/kg
Product: Meira Mantelirouhe 80g, Unit Price: 2,55 €, Comparison Price: 31,87 €/kg
Product: Juustoportti Ruokakerma 10 % 3,3 dl laktoositon, Unit Price: 2,49 €, Comparison Price: 7,55 €/l
Product: Meira Mantelirouhe 650g, Unit Price: 11,29 €, Comparison Price: 17,37 €/kg
Product: Rainbow 80g mantelijauhe, Unit Price: 1,00 €, Comparison Price: 12,50 €/kg
Product: Kotimaista laktoositon sipulikerma 15 % 2 dl UHT, Unit Price: 1,45 €, Comparison Price: 7,25 €/l
Product: Elixi Luomu Pellavansiemenöljy 250ml, Unit Price: 6,75 €, Comparison Price: 27,00 €/l
Product: Valio ruokakerma 2,5 dl Kippari® savujuusto UHT laktoositon, Unit Price: 1,99 €, Comparison Price: 7,96 €/l
Product: Salliselta Kardemumma 8g, Unit Price: 0,89 €, Comparison Price: 111,25 €/kg
Product: Meira Kardemumma jauhettu 8g, Unit Price: 0,89 €, Comparison Price: 111,25 €/kg
Product: Xtra rouhittu kardemumma 60 g, Unit Price: 2,99 €, Comparison Price: 49,83 €/kg
Product: Meira Kaneli jauhettu 27g, Unit Price: 0,85 €, Comparison Price: 31,48 €/kg
Product: Santa Maria 22G Kardemumma Jauhettu, Unit Price: 2,79 €, Comparison Price: 126,82 €/kg
Product: Meira Inkivääri jauhettu 22g, Unit Price: 0,99 €, Comparison Price: 45,00 €/kg
Product: Meira Kaneli jauhettu 85g, Unit Price: 1,99 €, Comparison Price: 23,41 €/kg
Product: Meira Kardemumma jauhettu 42g, Unit Price: 4,29 €, Comparison Price: 102,14 €/kg
Product: Meira Kumina kokonainen 22g, Unit Price: 0,75 €, Comparison Price: 37,50 €/kg
Product: Santa Maria Kardemummansiemen kokonainen 21 g, Unit Price: 1,95 €, Comparison Price: 92,86 €/kg
Product: Xtra jauhettu kaneli 70 g, Unit Price: 0,98 €, Comparison Price: 14,00 €/kg
Product: Dr. Oetker Luomu Bourbon Vaniljatanko 1 kpl, Unit Price: 4,99 €, Comparison Price: 
Product: Meira Neilikka kokonainen 15g, Unit Price: 1,39 €, Comparison Price: 92,67 €/kg
Product: Meira Kaneli jauhettu 35g, Unit Price: 1,65 €, Comparison Price: 47,14 €/kg
Product: Meira Sahrami 0,5g, Unit Price: 3,75 €, Comparison Price: 7500,00 €/kg
Product: Meira Luomu jauhettu kaneli Ceylon Reilu kauppa 22g, Unit Price: 2,09 €, Comparison Price: 95,00 €/kg
Product: Foodin Kardemumma luomu 11g, Unit Price: 3,35 €, Comparison Price: 304,55 €/kg
Product: Dr. Oetker Kardemumma jauhettu 36g, Unit Price: 3,95 €, Comparison Price: 109,72 €/kg
Product: Meira Kanelitanko 15g, Unit Price: 1,89 €, Comparison Price: 126,00 €/kg
Product: Meira Fenkoli kokonainen 25g, Unit Price: 0,99 €, Comparison Price: 39,60 €/kg
Product: Santa Maria Kaneli jauhettu 55 g, Unit Price: 1,25 €, Comparison Price: 22,73 €/kg
Product: Foodin Ceylon kaneli luomu 50g, Unit Price: 3,65 €, Comparison Price: 73,00 €/kg
Product: Meira Neilikka jauhettu 30g, Unit Price: 1,75 €, Comparison Price: 58,33 €/kg
Product: Santa Maria Tähtianis kokonainen, pussi 15g, Unit Price: 2,39 €, Comparison Price: 159,33 €/kg
Product: Daloplast Leikkuulauta Bio 25x15 cm, Unit Price: 5,50 €, Comparison Price: 
Product: Valio Keittiön ruokakerma 15 % 2 dl UHT laktoositon, Unit Price: 1,19 €, Comparison Price: 5,95 €/l
Product: Valio ruokakerma 2,5 dl sitruuna ja pippuri UHT laktoositon, Unit Price: 1,99 €, Comparison Price: 7,96 €/l
Product: Meira Mantelirouhe 250g, Unit Price: 6,09 €, Comparison Price: 24,36 €/kg
Product: House leikkuulauta 29 cm taipuisa, Unit Price: 2,80 €, Comparison Price: 
Product: Vanish GOLD White 470g tahranpoistojauhe, Unit Price: 5,59 €, Comparison Price: 11,89 €/kg
Product: Valio kermainen currykastike 3 dl laktoositon, Unit Price: 2,95 €, Comparison Price: 9,83 €/l
Product: Daloplast Leikkuulauta Bio 35x25 cm, Unit Price: 7,50 €, Comparison Price: 
Product: Palstenakka, Unit Price: 0,48 €, Comparison Price: 3,19 €/kg
Product: Palsternakka paloiteltu, Unit Price: 3,99 €, Comparison Price: 3,99 €/kg
Product: Palsternakka Luomu Suomi, Unit Price: 3,10 €, Comparison Price: 6,19 €/kg
Product: MUA Make Up Academy Eyeshadow Palette 15 shades 12 g Illusionist luomiväripaletti, Unit Price: 6,95 €, Comparison Price: 579,17 €/kg
Product: NDK Swiss leikkuulauta 35 x 23 cm, Unit Price: 14,90 €, Comparison Price: 
Product: Helkama Jopo vaijerilukko 10x1000mm fuksia, Unit Price: 9,99 €, Comparison Price: 
Product: Stor eväsrasia Muumi, Unit Price: 7,50 €, Comparison Price: 
Product: House lasipurkki Silo 0,6 l, Unit Price: 2,95 €, Comparison Price: 
Product: Flora Ruoka 15% laktoositon 2,5 dl, Unit Price: 1,25 €, Comparison Price: 5,00 €/l
Product: Apetit Bataatti-kermaperunat pakaste 700g, Unit Price: 3,19 €, Comparison Price: 4,56 €/kg
Product: Pinetta 36x26 cm  Leikkuulauta käsikololla tervaleppää, Unit Price: 25,50 €, Comparison Price: 
Product: Leikkuulauta HD020 27x16,5 cm, Unit Price: 3,50 €, Comparison Price: 
Product: Luminarc La Cave lasi 36cl, Unit Price: 1,90 €, Comparison Price: 
Product: Kotimaista laktoositon pippurikerma 15 % 2 dl UHT, Unit Price: 1,45 €, Comparison Price: 7,25 €/l
Product: Daloplast leikkuulauta 5+7 mm 2-pack, Unit Price: 6,95 €, Comparison Price: 
Product: Dr Beckmann 5x40g Super Valkaisija, Unit Price: 5,59 €, Comparison Price: 27,95 €/kg
Product: Vitatabs Sinkkiasetaatti sinkkitabletti lakritsi 60 tabl, Unit Price: 5,80 €, Comparison Price: 0,10 €/kpl
Product: Jupiter ketjulukko 95 cm x 4,5 mm, Unit Price: 16,95 €, Comparison Price: 
Product: House talouspaperiteline 34 cm, Unit Price: 3,95 €, Comparison Price: 
Product: Spen jäätelöpikari + lusikat 10kpl, Unit Price: 1,35 €, Comparison Price: 0,14 €/kpl
Product: Leipomo Axo sydänhyvä piparkakku punainen 230g, Unit Price: 4,69 €, Comparison Price: 20,39 €/kg
Product: WAU! Pyykinpesuneste 1,5 L Sensitive, Unit Price: 2,89 €, Comparison Price: 1,93 €/l
Product: Xtra ruokaveitsi 3 kpl, Unit Price: 5,95 €, Comparison Price: 1,98 €/kpl
Product: Meritalo Suomalainen Vadelmahillo 300g, Unit Price: 3,99 €, Comparison Price: 13,30 €/kg
Product: Axa spiraalilukko resolute 10/150, Unit Price: 22,95 €, Comparison Price: 
Product: Rainbow pölypussi RB1840 4kpl + moottorisuodatin, Unit Price: 8,99 €, Comparison Price: 2,25 €/kpl
Product: Leikkuulauta HD023 36x24 cm, Unit Price: 4,90 €, Comparison Price: 
Product: Valio Keittiön ruokakerma 10 % 3,3 dl laktoositon, Unit Price: 2,79 €, Comparison Price: 8,45 €/l
Product: essence I LOVE EXTREME crazy volume mascara 12 ml, Unit Price: 3,49 €, Comparison Price: 290,83 €/l
Product: Lav viinilasi Fame 48 cl 6 kpl, Unit Price: 11,50 €, Comparison Price: 1,92 €/kpl
Product: Marli Juissi Päärynämehujuoma 1 L, Unit Price: 1,45 €, Comparison Price: 1,45 €/l
Product: Dr. Oetker Mantelilastu paahdettu 50 g, Unit Price: 2,09 €, Comparison Price: 41,80 €/kg
Product: Coop röstiperunat 700 g pakaste, Unit Price: 2,80 €, Comparison Price: 4,00 €/kg
Product: Kotimaista kakkupohja 320 g, Unit Price: 2,07 €, Comparison Price: 6,47 €/kg
Product: Elonen Kuningatarkakku 650g, Unit Price: 16,55 €, Comparison Price: 25,46 €/kg
Product: Cole & Mason  575 suolamylly akryylia 10,5 cm, Unit Price: 16,90 €, Comparison Price: 
Product: Rainbow antiikkikynttilä keltainen 10 kpl, Unit Price: 5,95 €, Comparison Price: 0,60 €/kpl
Product: Xtra siivousliina 10 kpl, Unit Price: 1,59 €, Comparison Price: 0,16 €/kpl
Product: GastroMax lautanen 19,5 cm syvä bio-muovi, Unit Price: 3,50 €, Comparison Price: 
Product: House kahvilusikka Scandic 6 kpl, Unit Price: 6,90 €, Comparison Price: 1,15 €/kpl
Product: Arla Lempi Chili ruokakerma laktoositon 2 dl, Unit Price: 1,49 €, Comparison Price: 7,45 €/l
Product: Iittala Kartio juomalasi 21cl kirkas 2kpl, Unit Price: 12,90 €, Comparison Price: 6,45 €/kpl
Product: Wild&Mild UV Gel Polish G992 Päällyslakka 7ml, Unit Price: 7,95 €, Comparison Price: 1135,71 €/l
Product: Gastromax pullasuti 19 cm, musta, Unit Price: 3,50 €, Comparison Price: 
Product: Uudenmaan Leipä 400g Ellen Svinhufvud kakku, Unit Price: 28,90 €, Comparison Price: 72,25 €/kg
Product: GastroMax spiraalivispilä 28 cm musta, Unit Price: 3,95 €, Comparison Price: 
Product: House silikonikaavin 28 cm, Unit Price: 5,50 €, Comparison Price: 
Product: House haarukkavatkain, Unit Price: 3,90 €, Comparison Price: 
Product: House kakkupursotin, Unit Price: 5,50 €, Comparison Price: 
Product: House silikonisuti 27 cm, Unit Price: 5,50 €, Comparison Price: 
Product: Fackelmann silikonikaavin, Unit Price: 6,50 €, Comparison Price: 
Product: Zenker pursotinpussi ja 4 tyllaa, Unit Price: 6,95 €, Comparison Price: 
Product: House silikoninen pallovispilä 21153425, Unit Price: 4,95 €, Comparison Price: 
Product: House levityslasta 25 cm, Unit Price: 3,50 €, Comparison Price: 
Product: Fackelmann pullasuti, Unit Price: 6,50 €, Comparison Price: 
Product: House kaavin, Unit Price: 2,80 €, Comparison Price: 
Product: House vispilä muovikahvalla 21153415, Unit Price: 4,95 €, Comparison Price: 
Product: Fackelmann vispilä, Unit Price: 6,50 €, Comparison Price: 
Product: Lékué pursotinsetti pestävä, Unit Price: 19,90 €, Comparison Price: 
Product: House kaulin, Unit Price: 12,50 €, Comparison Price: 
Product: House piirakkakaulin, Unit Price: 7,50 €, Comparison Price: 
Product: House tyllasetti 5 kpl, Unit Price: 5,80 €, Comparison Price: 1,16 €/kpl
Product: Maku Leivonta-alusta silikoni 64x46 cm, Unit Price: 12,90 €, Comparison Price: 
Product: House leivontasetti Pörriäinen, Unit Price: 4,95 €, Comparison Price: 
Product: House silikonisuti 25cm 21153427, Unit Price: 4,50 €, Comparison Price: 
Product: House silikonikaulin 46 cm, Unit Price: 7,50 €, Comparison Price: 
Product: Fackelmann kaulin, Unit Price: 10,50 €, Comparison Price: 
Product: House keittiötyövälinesetti 3 kpl, Unit Price: 7,95 €, Comparison Price: 2,65 €/kpl
Product: GastroMax leikkuulauta 30x20,5cm, Unit Price: 7,50 €, Comparison Price: 
Product: Iittala Taika lautanen syvä 20cm Sato, Unit Price: 28,50 €, Comparison Price: 
Product: Del Monte 420g Hedelmäcocktail kevyessä sokeriliemessä, Unit Price: 2,45 €, Comparison Price: 9,80 €/kg
Product: Valio Hyvä suomalainen Arki® ruokakerma 10 % 2 dl UHT HYLA®, Unit Price: 0,49 €, Comparison Price: 2,45 €/l
Product: Meira Mantelijauhe 80g, Unit Price: 1,37 €, Comparison Price: 17,13 €/kg
Product: Delitalo Kurkku-kaalisalaatti, Unit Price: 8,90 €, Comparison Price: 
Product: Stor juomapullo Muumi 4 dl, Unit Price: 5,95 €, Comparison Price: 
Product: Kotimaista 2 dl vähälaktoosinen 15% UHT ruokakerma, Unit Price: 0,49 €, Comparison Price: 2,45 €/l
Product: Lav lasi Aras 36 cl 6 kpl, Unit Price: 8,50 €, Comparison Price: 1,42 €/kpl
Product: Valio ruokakerma 2,5 dl kolme juustoa UHT laktoositon, Unit Price: 1,99 €, Comparison Price: 7,96 €/l
Product: Silver Fern Farms karitsan paahtopaisti, Unit Price: 22,90 €, Comparison Price: 
Product: Finlayson Mittava kulho 0,4l, Unit Price: 3,00 €, Comparison Price: 
Product: Paese Diamond luomiväri 2,15g, Unit Price: 8,95 €, Comparison Price: 4475,00 €/kg
Product: God Morgon Selected Blend Mango-passion täysmehu 1 L, Unit Price: 2,99 €, Comparison Price: 2,99 €/l
Product: Delitalo Vihreä coleslaw-salaatti 2kg, Unit Price: 9,90 €, Comparison Price: 
Product: Dr. Beckmann 15kpl Valkaisijaliina, Unit Price: 3,98 €, Comparison Price: 0,27 €/kpl
Product: Rainbow maccheroni pasta gluteeniton 500 g, Unit Price: 2,49 €, Comparison Price: 4,98 €/kg
Product: Rainbow 1l pyykkietikka piparminttu, Unit Price: 4,29 €, Comparison Price: 4,29 €/l
Product: Ziaja Jeju nuoren ihon mikrokuorinta kasvoille 75ml, Unit Price: 4,95 €, Comparison Price: 66,00 €/l
Product: Foodin Ceylon kaneli luomu 50g, Unit Price: 3,29 €, Comparison Price: 65,80 €/kg
Product: Iittala Teema lautanen syvä 21 cm vintage sininen, Unit Price: 17,50 €, Comparison Price: 
Product: Torino 400g tumma makaroni, Unit Price: 1,05 €, Comparison Price: 2,63 €/kg
Product: Starter juomapullo 0,75l oranssi, Unit Price: 4,95 €, Comparison Price: 
Product: Puma TR Core juomapullo, Unit Price: 9,95 €, Comparison Price: 
Product: AXA Clinch ketjulukko 85cm, Unit Price: 34,95 €, Comparison Price: 
Product: Apetit Puutarhurin sekoitus kasvissekoitus pakaste 300g, Unit Price: 1,99 €, Comparison Price: 6,63 €/kg
Product: Hau-Hau Champion Nokian Nappulatehtaan Kanaa, riisiä & kauraa täysravinto senioreille ja keventäville 1,5 kg, Unit Price: 4,48 €, Comparison Price: 2,99 €/kg
Product: Jupiter etuvalo 500 lm ladattava 2400 mAh, Unit Price: 24,95 €, Comparison Price: 
Product: Saarioinen Lettuhillo vähemmän sokeria, sekahillo 320g, Unit Price: 3,19 €, Comparison Price: 9,97 €/kg
Product: Myllyn Paras Luomu Makaroni 400g, Unit Price: 0,95 €, Comparison Price: 2,37 €/kg
Product: Vanish Esikäsittelysuihke 750ml, Unit Price: 5,59 €, Comparison Price: 7,45 €/l
Product: Riitan Herkku Sacherkakku 700g, Unit Price: 15,45 €, Comparison Price: 22,07 €/kg
Product: W7 Irtoripset ja liima Wispy Hypnotise, Unit Price: 5,49 €, Comparison Price: 
Product: Vire Sinkki + C-vitamiinivalmiste Sinkki 25 mg + C-vitamiini 100 tabl / 21 g, Unit Price: 6,95 €, Comparison Price: 0,07 €/kpl
Product: House viinilasi akryyli Rilla 2,4 dl harmaa, Unit Price: 3,50 €, Comparison Price: 
Product: Spen paperipilli 25 kpl 8x240mm värilajitelma, Unit Price: 1,19 €, Comparison Price: 0,05 €/kpl
Product: Vanish Pink 0% tahranpoistojauhe 440g, Unit Price: 5,59 €, Comparison Price: 12,70 €/kg
Product: Kuivattu Suppilovahvero 15 g, Unit Price: 10,95 €, Comparison Price: 730,00 €/kg
Product: Havi Pihavalkea 13cm 1kpl 9 h, Unit Price: 1,97 €, Comparison Price: 
Product: Hackman Savonia leikkelehaarukka 4kpl, Unit Price: 18,50 €, Comparison Price: 4,63 €/kpl
Product: Pihka Mäntysaippua 2 L, Unit Price: 3,19 €, Comparison Price: 1,60 €/l
Product: RCR lasi Melodia 34 cl 6 kpl, Unit Price: 21,90 €, Comparison Price: 3,65 €/kpl
Product: Herkku Kreikkalainen kyläsalaatti, Unit Price: 26,90 €, Comparison Price: 
Product: Surf Pyykinpesuneste Tropical Lily & Ylang ylang 1400 ml, Unit Price: 4,99 €, Comparison Price: 3,56 €/l
Product: Rosten Pumppernikkeli 85g, Unit Price: 1,95 €, Comparison Price: 26,00 €/kg
Product: Meira Kaneli jauhettu 35g, Unit Price: 1,65 €, Comparison Price: 47,14 €/kg
Product: Oolannin poimutetut lankkuperunat 400g, Unit Price: 3,05 €, Comparison Price: 7,62 €/kg
Product: House tarjoiluottimet 2 kpl, Unit Price: 5,90 €, Comparison Price: 2,95 €/kpl
Product: Dr Beckmann 250ml Pyykinpesukoneen puhdistaja, Ocean Breeze, Unit Price: 4,85 €, Comparison Price: 19,40 €/l
Product: Rainbow valkosipuli yksikyntinen 100g, Unit Price: 1,59 €, Comparison Price: 15,90 €/kg
Product: Rainbow paahdettu sipulirouhe 100 g, Unit Price: 1,55 €, Comparison Price: 15,50 €/kg
Product: Semper Gluteeniton Lasagne pasta 250g, Unit Price: 3,45 €, Comparison Price: 13,80 €/kg
Product: Myllyn Paras Lasagnelevyjä 500 g, Unit Price: 2,65 €, Comparison Price: 5,30 €/kg
Product: House kulho Stella 14 cm, valkoinen, Unit Price: 4,95 €, Comparison Price: 
Product: Bolsius Lasilyhty Timanttic Gold metal lid White, Unit Price: 3,59 €, Comparison Price: 
Product: Trube Suklaa-appelsiinikakku 400 g suklaa-appelsiinitäytteinen kakku, Unit Price: 11,59 €, Comparison Price: 28,98 €/kg
Product: Trube Voikierrepitko 350g voitäytepitko, Unit Price: 3,75 €, Comparison Price: 10,71 €/kg
Product: Jupiter kypärävalo 100 lm ladattava 700 mAh, Unit Price: 14,95 €, Comparison Price: 
Product: Sini Kostea pikasiivousliina 30 kpl, Unit Price: 3,39 €, Comparison Price: 0,11 €/kpl
Product: Huhtamaki 10x500ml kartonkinen kylmäjuomapikari Festival, Unit Price: 2,49 €, Comparison Price: 0,25 €/kpl
Product: 6xKotimaista kevyesti hiilihapotettu kivennäisvesi 1,5 l kmp, Unit Price: 6,29 €, Comparison Price: 0,43 €/l
Product: Wild&Mild Gel polish Cleanser/Remover 50ml, Unit Price: 4,90 €, Comparison Price: 98,00 €/l
Product: Rainbow 175g ohut piparkakku, Unit Price: 0,99 €, Comparison Price: 5,66 €/kg
Product: Jules Destrooper 100g Almond Thins Mantelikeksi, Unit Price: 3,65 €, Comparison Price: 36,50 €/kg
Product: Dr Beckmann 10kpl Värin- ja liankerääjä Ultra, Unit Price: 5,89 €, Comparison Price: 0,59 €/kpl
Product: Dylon Colour Catcher 15 kpl värinkerääjä, Unit Price: 3,49 €, Comparison Price: 0,23 €/kpl
Product: Serto Aamukaste Pyykkietikka 475ml, Unit Price: 5,69 €, Comparison Price: 11,98 €/l
Product: House syvä lautanen Nelma 20 cm vihreä, Unit Price: 6,50 €, Comparison Price: 
Product: House kulho Isla 14 cm, Unit Price: 4,50 €, Comparison Price: 
Product: Rainbow pitkä kruunukynttilä 30cm 8kpl, Unit Price: 9,35 €, Comparison Price: 1,17 €/kpl
Product: GastroMax kulho 3,5 L bio-muovi, Unit Price: 8,90 €, Comparison Price: 
Product: Breton Original voileipäkeksi 112g, Unit Price: 2,35 €, Comparison Price: 20,98 €/kg
Product: Oolannin ristikkoperunat 400g, Unit Price: 3,05 €, Comparison Price: 7,62 €/kg
Product: Kantolan Valitut suolakeksi 200g, Unit Price: 1,55 €, Comparison Price: 7,75 €/kg
Product: Apetit Yrttinen Perunamuusi pakaste 350g, Unit Price: 2,79 €, Comparison Price: 7,97 €/kg
Product: Juomapullo 0,48 l musta, Unit Price: 6,95 €, Comparison Price: 
Product: Makeup Revolution Fast Base Stick poskipunapuikko Rose 14g, Unit Price: 8,95 €, Comparison Price: 639,29 €/kg
Product: Hackman Savonia kahvilusikka 6kpl, Unit Price: 18,90 €, Comparison Price: 3,15 €/kpl
Product: Axa ketjulukko absolute 90/5 koodi, Unit Price: 39,95 €, Comparison Price: 
Product: W7 Kynsisetti ja liima Crystal crush, Unit Price: 6,95 €, Comparison Price: 
Product: Nitor Tekstiiliväri All in one 350g harmaa, Unit Price: 7,25 €, Comparison Price: 20,71 €/kg
Product: Kiilto Koti biohajoava yleispuhdistusaine Sitruuna 1 L, Unit Price: 3,15 €, Comparison Price: 3,15 €/l
Product: Meira Kumina kokonainen 22g, Unit Price: 0,75 €, Comparison Price: 37,50 €/kg
Product: Rehti Kana koiranruoka 2 kg, Unit Price: 8,09 €, Comparison Price: 4,05 €/kg
Product: Croco juustonmakuisia suolakeksejä 100g, Unit Price: 0,69 €, Comparison Price: 6,90 €/kg
Product: Hackman Savonia ruokalusikka 6kpl, Unit Price: 25,50 €, Comparison Price: 4,25 €/kpl
Product: Moomin Arabia Finland Muumi juomalasi 22cl Puutarhajuhlat, Unit Price: 13,50 €, Comparison Price: 
Product: House syvä lautanen Stella 22 cm, Unit Price: 8,95 €, Comparison Price: 
Product: Oreo Original täytekeksi 154g, Unit Price: 1,99 €, Comparison Price: 12,92 €/kg
Product: Rainbow 1l pyykkietikka greippi, Unit Price: 4,29 €, Comparison Price: 4,29 €/l
Product: House talouspaperiteline 35 cm, Unit Price: 4,95 €, Comparison Price: 
Product: ONNI Pyykkietikka 750 ml Laventeli, Unit Price: 3,59 €, Comparison Price: 4,79 €/l
Product: Fazer Domino Mustikkapiirakka täytekeksi 175g, Unit Price: 0,79 €, Comparison Price: 4,51 €/kg
Product: Finax Gluteenittomat Juustokeksit 100g, Unit Price: 1,65 €, Comparison Price: 16,50 €/kg
Product: Vanajan Ohut Suklaapipari 200g, Unit Price: 2,15 €, Comparison Price: 10,75 €/kg
Product: Rainbow 400g/250g hedelmäkuutiot mehussa, Unit Price: 2,69 €, Comparison Price: 10,76 €/kg
Product: Viipurinrinkeli, Unit Price: 5,49 €, Comparison Price: 18,30 €/kg
Product: Xtra täytekeksi vanilja 250 g, Unit Price: 0,65 €, Comparison Price: 2,60 €/kg
Product: Xtra yleispuhdistusaine 1 l, Unit Price: 1,29 €, Comparison Price: 1,29 €/l
Product: Fazer Domino Marianne keksi 350g, Unit Price: 3,99 €, Comparison Price: 11,40 €/kg
Product: Vida ravintolisävalmiste sinkki 25 mg + B6-vitamiini 120 tablettia/ 26 g, Unit Price: 8,85 €, Comparison Price: 0,07 €/kpl
Product: Rainbow torttupohja 200 g, Unit Price: 1,59 €, Comparison Price: 7,95 €/kg
Product: Myllyn Paras Täysjyvälasagnelevy 500 g, Unit Price: 2,99 €, Comparison Price: 5,98 €/kg
Product: Fazer Suklaapiparkakku 175 g, Unit Price: 2,45 €, Comparison Price: 14,00 €/kg
Product: Nongshim Kimchi Noodle Soup120g, Unit Price: 2,49 €, Comparison Price: 20,75 €/kg
Product: Nutrilon Nutriton 135g, jauhemainen ravinnon sakeuttaja, kliininen ravintovalmiste, Unit Price: 10,00 €, Comparison Price: 74,07 €/kg
Product: Nongshim Shin Ramyun Noodle Spicy 120g, Unit Price: 2,49 €, Comparison Price: 20,75 €/kg
Product: Mama Riisinuudeli 225g, Unit Price: 2,39 €, Comparison Price: 10,62 €/kg
Product: Santa Maria Munanuudeli 4 kpl 200 g, Unit Price: 1,55 €, Comparison Price: 7,75 €/kg
Product: Yeo's 400g nuudeli Ezy-Cook, Unit Price: 2,29 €, Comparison Price: 5,73 €/kg
Product: Rainbow täysjyvänuudeli 250 G, Unit Price: 1,35 €, Comparison Price: 5,40 €/kg
Product: Rainbow 250G munanuudeli, Unit Price: 1,19 €, Comparison Price: 4,76 €/kg
Product: Santa Maria Riisinuudeli 4 annosta 180 g, Unit Price: 2,05 €, Comparison Price: 11,39 €/kg
Product: Spice Up! Nuudeli 400g, Unit Price: 2,55 €, Comparison Price: 6,37 €/kg
Product: Mama Riisivermiselli 225g, Unit Price: 2,39 €, Comparison Price: 10,62 €/kg
Product: Spice Up! Täysjyvänuudeli 200g, Unit Price: 1,55 €, Comparison Price: 7,75 €/kg
Product: Mama Täysjyväriisinuudeli 225g, Unit Price: 2,49 €, Comparison Price: 11,07 €/kg
Product: Santa Maria 200g Whole Wheat Noodles "Perfect for wok", Unit Price: 1,59 €, Comparison Price: 7,95 €/kg
Product: Miyata 300g Udon nuudeli, Unit Price: 1,49 €, Comparison Price: 4,97 €/kg
Product: Miyata Ramen nuudelit 300g, Unit Price: 1,29 €, Comparison Price: 4,30 €/kg
Product: Santa Maria Ramen Noodles, Ramen-nuudelit 200g, Unit Price: 2,05 €, Comparison Price: 10,25 €/kg
Product: Shirataki 200g Spaghetti, Unit Price: 1,79 €, Comparison Price: 6,63 €/kg
Product: Miyata 300g Soba nuudeli, Unit Price: 1,79 €, Comparison Price: 5,97 €/kg
Product: Go-Tan Miehoen riisinuudeli 250g, Unit Price: 2,79 €, Comparison Price: 11,16 €/kg
Product: Mama Nuudeli 375g, Unit Price: 2,49 €, Comparison Price: 6,64 €/kg
Product: Santa Maria Lasinuudeli 4 kpl 100 g, Unit Price: 2,45 €, Comparison Price: 24,50 €/kg
Product: Blue Dragon kuivattu täysjyvävehnänuudeli 300g, Unit Price: 2,15 €, Comparison Price: 7,17 €/kg
Product: Kuivattu Shirataki Konjac nuudeli 80g, Unit Price: 1,99 €, Comparison Price: 24,88 €/kg
Product: Blue Dragon Vehnä-munanuudeli 300g, Unit Price: 2,15 €, Comparison Price: 7,17 €/kg
Product: SamMills Pasta d'oro 500g Makaroner luontaisesti gluteeniton pasta, Unit Price: 2,00 €, Comparison Price: 4,00 €/kg
Product: Nordic Stream ikkunanpesusetti DNS15735, Unit Price: 10,95 €, Comparison Price: 
Product: Lumene Pure Gloss Kynsilakka 41 Persikkaparatiisi 5 ml, Unit Price: 1,99 €, Comparison Price: 398,00 €/l
Product: Kiilto Koti biohajoava yleispuhdistussuihke Lime 600 ml, Unit Price: 2,19 €, Comparison Price: 3,65 €/l
Product: Tolu 750ml Raikas Sitruuna yleispuhdistusaine, Unit Price: 2,29 €, Comparison Price: 3,05 €/l
Product: Fazer Domino Mokkapala täytekeksi 350 g, Unit Price: 3,99 €, Comparison Price: 11,40 €/kg
Product: Dr Beckmann 24kpl Värin- ja liankerääjä, Unit Price: 5,49 €, Comparison Price: 0,23 €/kpl
Product: Keiju Vuokaspray 400 ml, Unit Price: 5,39 €, Comparison Price: 13,47 €/l
Product: Semper Gluteeniton Piparkakku 150g, Unit Price: 3,35 €, Comparison Price: 22,33 €/kg
Product: Fazer Domino Original keksi 175g, Unit Price: 2,29 €, Comparison Price: 13,09 €/kg
Product: Mr. Brownie Lemon Cakes 200g, Unit Price: 2,99 €, Comparison Price: 14,95 €/kg
Product: Kantolan Kulta Muro keksi 225g, Unit Price: 1,95 €, Comparison Price: 8,67 €/kg
Product: Hartwall Vichy Original kivennäisvesi 0,25 l, Unit Price: 1,35 €, Comparison Price: 5,00 €/l
Product: Marenkikakkupohja 180g 2kpl., Unit Price: 2,49 €, Comparison Price: 13,83 €/kg
Product: Vapaa vispikerma 2,5 dl laktoositon UHT, Unit Price: 1,69 €, Comparison Price: 6,76 €/l
Product: Rainbow antiikkikynttilä 10kpl valkoinen, Unit Price: 5,95 €, Comparison Price: 0,60 €/kpl
Product: Le Rustique camembert 250g, Unit Price: 6,49 €, Comparison Price: 25,96 €/kg
Product: Coop kermaperunat vähälaktoosinen 750 g pakaste, Unit Price: 2,99 €, Comparison Price: 3,99 €/kg
Product: Meira Valkosipulijauhe 40g, Unit Price: 1,29 €, Comparison Price: 32,25 €/kg
Product: Meira Sipulijauhe 30g, Unit Price: 0,75 €, Comparison Price: 25,00 €/kg
Product: Meira Juustokumina jauhettu 25g, Unit Price: 0,89 €, Comparison Price: 35,60 €/kg
Product: Xtra valkosipulijauhe 70 g, Unit Price: 1,19 €, Comparison Price: 17,00 €/kg
Product: Meira Valkosipulijauhe 50g, Unit Price: 1,49 €, Comparison Price: 29,80 €/kg
Product: Meira Valkosipulirouhe 39g, Unit Price: 1,35 €, Comparison Price: 34,62 €/kg
Product: Meira Korianteri jauhettu 24g, Unit Price: 0,89 €, Comparison Price: 37,08 €/kg
Product: Meira Kurkuma 24g, Unit Price: 0,75 €, Comparison Price: 31,25 €/kg
Product: Santa Maria Valkosipulijauhe 49 g, Unit Price: 1,75 €, Comparison Price: 35,71 €/kg
Product: Golden Star 500g Valkosipulijauhe, Unit Price: 7,45 €, Comparison Price: 14,90 €/kg
Product: Meira Kurkuma 60g, Unit Price: 1,29 €, Comparison Price: 21,50 €/kg
Product: Santa Maria Valkosipulijauhe Luomu, purkki 46g, Unit Price: 2,95 €, Comparison Price: 64,13 €/kg
Product: Meira Sipulijauhe 38g, Unit Price: 1,45 €, Comparison Price: 38,16 €/kg
Product: Yrttipaja valkosipulisekoitus 30 g, Unit Price: 5,95 €, Comparison Price: 198,33 €/kg
Product: Meira Kurkuma 35g, Unit Price: 1,55 €, Comparison Price: 44,29 €/kg
Product: Santa Maria 30G Sipulijauhe, Unit Price: 0,79 €, Comparison Price: 26,33 €/kg
Product: Santa Maria 13G Korianteri Kokokainen, Unit Price: 0,95 €, Comparison Price: 73,08 €/kg
Product: Meira Sipulihiutale paahdettu 22g, Unit Price: 0,95 €, Comparison Price: 43,18 €/kg
Product: Golden Star 430g Sipulijauhe, Unit Price: 7,45 €, Comparison Price: 17,33 €/kg
Product: Xtra kurkuma jauhettu 100 g, Unit Price: 0,65 €, Comparison Price: 6,50 €/kg
Product: Meira Sinapinsiemen kokonainen 41g, Unit Price: 0,98 €, Comparison Price: 23,90 €/kg
Product: Santa Maria Juustokumina 33 g, Unit Price: 1,65 €, Comparison Price: 50,00 €/kg
Product: Capsi Sipulisuikale 150g, Unit Price: 2,79 €, Comparison Price: 18,60 €/kpl
Product: Santa Maria Korianterinlehti, purkki 10g, Unit Price: 1,75 €, Comparison Price: 175,00 €/kg
Product: House syömäpuikot 5 paria, Unit Price: 5,90 €, Comparison Price: 0,59 €/kpl
Product: essence gel nail colour geelikynsilakka 70, Unit Price: 1,50 €, Comparison Price: 187,50 €/l
Product: Sana-sol Sinkkiasetaatti+C&D-vitamiini Mentoli imeskelytabletti ravintolisä 100tabl/120g, Unit Price: 4,65 €, Comparison Price: 0,05 €/kpl
Product: ONNI Pyykkietikka 750 ml Vanilja-Kirsikka, Unit Price: 3,59 €, Comparison Price: 4,79 €/l
Product: Villi Vichy vadelma-karhunvatukka 1,5l, Unit Price: 1,99 €, Comparison Price: 1,06 €/l
Product: Rainbow 750ml Fresh Lavender tekstiilien huuhteluaine, Unit Price: 1,69 €, Comparison Price: 2,25 €/l
Product: Cessibon 250g spraykermavaahto, Unit Price: 1,45 €, Comparison Price: 5,80 €/kg
Product: TUC Original suolakeksi 300g, Unit Price: 3,85 €, Comparison Price: 12,83 €/kg
Product: Elixi Pellavansiemenöljy 250 ml kylmäpuristettu, Unit Price: 3,00 €, Comparison Price: 12,00 €/l
Product: House leipäkori 25x7 cm, Unit Price: 5,95 €, Comparison Price: 
Product: Vanish Pink tahranpoistojauhe 940g, Unit Price: 8,90 €, Comparison Price: 9,47 €/kg
Product: Vanish 500ml matto/tekstiilisuihke, Unit Price: 6,29 €, Comparison Price: 12,58 €/l
Product: Lumene Brow Care Kulmien muotoiluvaha 1 Vaaleanruskea 5 ml, Unit Price: 9,90 €, Comparison Price: 1980,00 €/l
Product: Nitor Tekstiiliväri All in one 230g harmaa, Unit Price: 5,95 €, Comparison Price: 25,87 €/kg
Product: House juomalasi akryyli Rilla 3 dl, Unit Price: 3,50 €, Comparison Price: 
Product: Lanttu pesty | Iso-Britannia, Unit Price: 1,28 €, Comparison Price: 3,19 €/kg
Product: Lanttu Iso-Britannia, Unit Price: 0,87 €, Comparison Price: 2,89 €/kg
Product: essence Lash PRINCESS false lash effect mascara waterproof vedenkestävä ripsiväri 12 ml, Unit Price: 3,99 €, Comparison Price: 332,50 €/l
Product: Electrolux pölynimurin raikastinrakeet, ruusu, Unit Price: 6,50 €, Comparison Price: 
Product: Vanish White tahranpoistojauhe 630g, Unit Price: 5,99 €, Comparison Price: 9,51 €/kg
Product: Juomapullo Squeeze 0,6 l, Unit Price: 3,95 €, Comparison Price: 
Product: Meira Chilimausteseos ei lisättyä suolaa 24g, Unit Price: 0,99 €, Comparison Price: 41,25 €/kg
Product: Meira Cayennepippuri 22g, Unit Price: 0,85 €, Comparison Price: 42,50 €/kg
Product: Meira Chilijauhe tulinen 22g, Unit Price: 0,99 €, Comparison Price: 45,00 €/kg
Product: Santa Maria Red Hot Chili Flakes, tulinen rouhittu chiliseos, 28 g, Unit Price: 2,09 €, Comparison Price: 74,64 €/kg
Product: Xtra chililastut 50 g, Unit Price: 1,05 €, Comparison Price: 21,00 €/kg
Product: Santa Maria 39G Chili Flakes, Unit Price: 2,69 €, Comparison Price: 68,97 €/kg
Product: Meira Chilijauhe tulinen 38g, Unit Price: 1,69 €, Comparison Price: 44,47 €/kg
Product: Santa Maria Chili Explosion tulinen mausteseos, maustemylly, 70 g, Unit Price: 5,19 €, Comparison Price: 74,14 €/kg
Product: Meira Cayennepippuri 32g, Unit Price: 1,35 €, Comparison Price: 42,19 €/kg
Product: Santa Maria Original Chili Pepper Chilimauste, purkki 34g, Unit Price: 1,95 €, Comparison Price: 57,35 €/kg
Product: Santa Maria Chipotle Chili Pepper Chipotle Chilimauste, purkki 33g, Unit Price: 2,59 €, Comparison Price: 78,48 €/kg
Product: Santa Maria 11G Chilli Pepper PiriPiri, Unit Price: 1,45 €, Comparison Price: 131,82 €/kg
Product: Santa Maria Cayennepippuri Luomu, purkki 38g, Unit Price: 3,35 €, Comparison Price: 88,16 €/kg
Product: Golden Star Jalapenorouhe vihreä 10g, Unit Price: 0,75 €, Comparison Price: 75,00 €/kg
Product: Santa Maria Ancho-Chili, purkki 35g, Unit Price: 2,19 €, Comparison Price: 62,57 €/kg
Product: Urtekram Luomu Chilihiutale 23g, Unit Price: 2,19 €, Comparison Price: 95,22 €/kg
Product: Rainbow 120g Chili & Chef chilimauste, Unit Price: 3,79 €, Comparison Price: 31,58 €/kg
Product: Foodin Chilijauhe luomu 30g, Unit Price: 3,15 €, Comparison Price: 105,00 €/kg
Product: Santa Maria 67g X-HOT Chili Explosion mylly, Unit Price: 4,99 €, Comparison Price: 74,48 €/kg
Product: Meira Chilimauste tulinen ei lisättyä suolaa mylly 45g, Unit Price: 4,25 €, Comparison Price: 94,44 €/kg
Product: Sanytol Desinfiointiaine vaatteille 0%, 1l, Unit Price: 6,49 €, Comparison Price: 6,49 €/l
Product: Comfort Refresh Blue Skies Huuhteluaine  Mieto tuoksu   1800 ml 100 pesua, Unit Price: 5,79 €, Comparison Price: 3,22 €/l
Product: Elonen suklainen piparkakku 200g, Unit Price: 1,34 €, Comparison Price: 6,70 €/kg
Product: Kotimaista kevyesti hiilihapotettu kivennäisvesi 0,5 l kmp, Unit Price: 0,69 €, Comparison Price: 0,98 €/l
Product: Coop perunamuusi 600 g pakaste, Unit Price: 1,30 €, Comparison Price: 2,17 €/kg
Product: Havi antiikkikynttilä samppanja 28cm 4kpl 8 h, Unit Price: 4,29 €, Comparison Price: 1,07 €/kpl
Product: Lumene Pure Gloss Kynsilakka 46 Violetti Pop 5 ml, Unit Price: 1,99 €, Comparison Price: 398,00 €/l
Product: Saarioinen Vadelmahillo vähemmän sokeria 320g, Unit Price: 2,00 €, Comparison Price: 6,25 €/kg
Product: Apetit Aurinkokasvikset kasvissekoitus pakaste 300g, Unit Price: 2,09 €, Comparison Price: 6,97 €/kg
Product: Mayeri Sensitive esikostutetut yleispuhdistuspyyhkeet 30 kpl pussi, Unit Price: 1,29 €, Comparison Price: 0,04 €/kpl
Product: Rainbow pölypussi RB2001 4kpl + moottorisuodatin, Unit Price: 8,99 €, Comparison Price: 2,25 €/kpl
Product: Président sokeroimaton kermavaahto spray 250g, Unit Price: 2,99 €, Comparison Price: 11,96 €/kg
Product: Semper Gluteeniton Makaroni pasta 500g, Unit Price: 2,00 €, Comparison Price: 4,00 €/kg
Product: Softcare 500 ml Kodintekstiilisuoja, Unit Price: 13,49 €, Comparison Price: 26,98 €/l
Product: TUC Bacon suolakeksi 100g, Unit Price: 1,49 €, Comparison Price: 14,90 €/kg
Product: Änglamark kookosöljy neutral luomu 450 ml, Unit Price: 4,99 €, Comparison Price: 11,09 €/l
Product: Kantolan Ballerina mustikka täytekeksi 190g, Unit Price: 1,59 €, Comparison Price: 8,37 €/kg
Product: Coop herne-maissi-paprika 200 g pakaste, Unit Price: 0,65 €, Comparison Price: 3,25 €/kg
Product: Meira Neilikka jauhettu 30g, Unit Price: 1,75 €, Comparison Price: 58,33 €/kg
Product: Tolu 1L Mänty yleispuhdistusaine, Unit Price: 3,59 €, Comparison Price: 3,59 €/l
Product: Värska Vichy 0,33L KLP, Unit Price: 1,25 €, Comparison Price: 3,48 €/l
Product: Hackman Savonia salaattiottimet, Unit Price: 24,50 €, Comparison Price: 
Product: BMS juomapullo silikoni 0,65l violetti, Unit Price: 10,95 €, Comparison Price: 
Product: Kiss Bare but Better kynnet Nude Glow 28kpl, Unit Price: 10,90 €, Comparison Price: 
Product: Elgorriaga sitruunakeksi 240g, Unit Price: 1,39 €, Comparison Price: 5,79 €/kg
Product: Vitatabs Sinkki sinkkisitraatti-C-vitamiinitabletti 120 tabl, Unit Price: 5,85 €, Comparison Price: 0,05 €/kpl
Product: Palsternakka Luomu Suomi, Unit Price: 3,10 €, Comparison Price: 6,19 €/kg
Product: Salliselta Kardemumma 8g, Unit Price: 0,89 €, Comparison Price: 111,25 €/kg
Product: Oreo Double Creme täytekeksi 157g, Unit Price: 2,09 €, Comparison Price: 13,31 €/kg
Product: Kantolan Suola Cracker suolakeksi 150g, Unit Price: 0,98 €, Comparison Price: 6,53 €/kg
Product: Sana-sol Sinkki+C-vitamiini tabletti ravintolisä 200tabl, Unit Price: 8,59 €, Comparison Price: 0,04 €/kpl
Product: Omo Color Sensitive Nestemäinen pyykinpesuaine Hajusteeton 1.84 L 46 pesua, Unit Price: 8,99 €, Comparison Price: 4,89 €/l
Product: Santa Maria Tähtianis kokonainen, pussi 15g, Unit Price: 2,39 €, Comparison Price: 159,33 €/kg
Product: Rainbow Täysjyvälasagnelevyt Kananmunaton Luomu 500g, Unit Price: 2,25 €, Comparison Price: 4,50 €/kg
Product: Oolannin muusiperuna 400g, Unit Price: 1,50 €, Comparison Price: 3,75 €/kg
Product: Serto Marjametsä Pyykkietikka 475ml, Unit Price: 5,69 €, Comparison Price: 11,98 €/l
Product: Sanytol puhdistus- ja desinfiointiaine vege 500 ml, Unit Price: 3,25 €, Comparison Price: 6,50 €/l
Product: Xtra jauhettu kaneli 70 g, Unit Price: 0,98 €, Comparison Price: 14,00 €/kg
Product: Juomapullo Squeeze 0,6 l, Unit Price: 3,95 €, Comparison Price: 
Product: Fossier Pinkki keksi suolainen karamelli 110g, Unit Price: 1,99 €, Comparison Price: 18,09 €/kg
Product: Frozen muki Elements 0,26 l, Unit Price: 2,50 €, Comparison Price: 
Product: Dr. Beckmann 10kpl Värinkirkastaja, Unit Price: 4,59 €, Comparison Price: 0,46 €/kpl
Product: Myllyn Paras Cannelloni 250 g Pastaputkia, Unit Price: 1,69 €, Comparison Price: 6,76 €/kg
Product: Coop parsakaali-kukkakaali-porkkanasekoitus 750 g pakaste, Unit Price: 2,75 €, Comparison Price: 3,67 €/kg
Product: Sini rikkasetti, Unit Price: 23,95 €, Comparison Price: 
Product: Spen grillitikkuja 30cm 100kpl, Unit Price: 0,99 €, Comparison Price: 0,01 €/kpl
Product: Huhtamaki 50x150*155mm Grill News hampurilaistasku, Unit Price: 2,95 €, Comparison Price: 0,06 €/kpl
Product: Spen grillitikkuja 40cm 50kpl, Unit Price: 0,99 €, Comparison Price: 0,02 €/kpl
Product: Huhtamaki 50x150*155mm hampurilaistasku BBQ, Unit Price: 2,79 €, Comparison Price: 0,06 €/kpl
Product: Fredman Bio keittiöliina ruoanlaittoon 30x50cm 20kpl, Unit Price: 4,69 €, Comparison Price: 0,23 €/kpl
Product: Saana Suojapäähine 6 kpl, Unit Price: 1,39 €, Comparison Price: 
Product: Apetit Herne-maissi-porkkana pakaste 200g, Unit Price: 1,09 €, Comparison Price: 5,45 €/kg
Product: Foodin Kardemumma luomu 11g, Unit Price: 3,35 €, Comparison Price: 304,55 €/kg
Product: Fazer Domino Choco Fazerina keksi 180 g, Unit Price: 1,83 €, Comparison Price: 10,17 €/kg
Product: Serto Lounatuuli huuhteluaine 750 ml, Unit Price: 2,59 €, Comparison Price: 3,45 €/l
Product: Meira Kardemumma jauhettu 8g, Unit Price: 0,89 €, Comparison Price: 111,25 €/kg
Product: Duni Bio 10kpl 50cl vihreä kartonkimuki x 12, Unit Price: 2,95 €, Comparison Price: 0,30 €/kpl
Product: Meira Kaneli jauhettu 85g, Unit Price: 1,99 €, Comparison Price: 23,41 €/kg
Product: House tarjoilupihdit, Unit Price: 5,50 €, Comparison Price: 
Product: Kantolan Ballerina nougat täytekeksi 205g, Unit Price: 1,29 €, Comparison Price: 6,29 €/kg
Product: Starter juomapullo 0,75l pinkki, Unit Price: 4,95 €, Comparison Price: 
Product: Meira Inkivääri jauhettu 22g, Unit Price: 0,99 €, Comparison Price: 45,00 €/kg
Product: Lumene Pure Gloss Kynsilakka 44 Pinkki Drinkki 5 ml, Unit Price: 1,99 €, Comparison Price: 398,00 €/l
Product: Rainbow suolakeksi 200g, Unit Price: 1,39 €, Comparison Price: 6,95 €/kg
Product: Tolu 1L Aito yleispuhdistusaine, Unit Price: 3,59 €, Comparison Price: 3,59 €/l
Product: Hackman Savonia tarjoiluvälineet, Unit Price: 23,50 €, Comparison Price: 
Product: Naturel Kynsiliima Brush On 6ml, Unit Price: 2,98 €, Comparison Price: 
Product: Twinings 200g Earl Grey irtotea, Unit Price: 6,20 €, Comparison Price: 31,00 €/kg
Product: Forsman tea Rooibos Aavikkokerma maustettu yrttitee 60 g, Unit Price: 1,99 €, Comparison Price: 33,17 €/kg
Product: Nordqvist Keisarin Morsian 130 g RFA, Unit Price: 3,75 €, Comparison Price: 28,85 €/kg
Product: Urtekram Luomu Matcha-teejauhe 50g, Unit Price: 8,50 €, Comparison Price: 170,00 €/kg
Product: Lipton 150g Classic Earl Grey musta irtotee, Unit Price: 3,55 €, Comparison Price: 23,67 €/kg
Product: Forsman tea Vihreä Jasmiini vihreä maustettu irtotee Reilu kauppa 60 g, Unit Price: 2,35 €, Comparison Price: 39,17 €/kg
Product: Forsman tea Paratiisi Sen Cha vihreä maustettu irtotee 60 g, Unit Price: 1,99 €, Comparison Price: 33,17 €/kg
Product: Nordqvist Tiikerin Päiväuni 130 g RFA, Unit Price: 3,75 €, Comparison Price: 28,85 €/kg
Product: Nordqvist Blend No 1 musta lehtitee 800g RFA, Unit Price: 12,90 €, Comparison Price: 16,13 €/kg
Product: Forsman tea Rentouttava Unitee kofeiiniton maustettu yrttitee 60 g, Unit Price: 3,65 €, Comparison Price: 60,83 €/kg
Product: Änglamark Earl Grey irtotee luomu 125 g, Unit Price: 2,95 €, Comparison Price: 23,60 €/kg
Product: Forsman tea Japanilainen Sen Cha vihreä maustamaton luomu irtotee 60 g, Unit Price: 3,25 €, Comparison Price: 54,17 €/kg
Product: Lipton 150g Yellow Label Tea musta irtotee, Unit Price: 3,55 €, Comparison Price: 23,67 €/kg
Product: Xtra Earl Grey tee 100 x 2 g, Unit Price: 2,80 €, Comparison Price: 14,00 €/kg
Product: Forsman tea Anti-Stress maustettu yrttitee 60 g, Unit Price: 3,65 €, Comparison Price: 60,83 €/kg
Product: Forsman tea Gun Powder vihreä maustamaton tee 100 g, Unit Price: 2,95 €, Comparison Price: 29,50 €/kg
Product: Forsman tea Rooibos Naturel Reilun kaupan yrttitee 60 g, Unit Price: 2,45 €, Comparison Price: 40,83 €/kg
Product: Forsman tea Luomu Inkivääri Sencha vihreä tee 60 g, Unit Price: 2,35 €, Comparison Price: 39,17 €/kg
Product: Nordqvist Nippon Green 100g vihreä maustettu irtotee RFA, Unit Price: 3,75 €, Comparison Price: 37,50 €/kg
Product: Nordqvist Japan Sencha Luomutee 80g, Unit Price: 5,05 €, Comparison Price: 63,13 €/kg
Product: Forsman tea Mate Kuuma Tanssi maustettu yrttitee 60 g, Unit Price: 2,35 €, Comparison Price: 39,17 €/kg
Product: Forsman tea Luomu Mate maustamaton yrttitee 100 g, Unit Price: 2,95 €, Comparison Price: 29,50 €/kg
Product: Forsman tea Vihreä Sitruuna vihreä maustettu tee 100 g, Unit Price: 2,95 €, Comparison Price: 29,50 €/kg
Product: Forsman tea Samovar Blend Kultainen Omena musta tee 60 g, Unit Price: 2,45 €, Comparison Price: 40,83 €/kg
Product: Hackman Savonia teelusikka 6kpl, Unit Price: 24,50 €, Comparison Price: 4,08 €/kpl
Product: Santa Maria Kardemummansiemen kokonainen 21 g, Unit Price: 1,95 €, Comparison Price: 92,86 €/kg
Product: Santa Maria Kaneli jauhettu 55 g, Unit Price: 1,25 €, Comparison Price: 22,73 €/kg
Product: Meira Luomu jauhettu kaneli Ceylon Reilu kauppa 22g, Unit Price: 1,60 €, Comparison Price: 72,73 €/kg
Product: Heti 500ml Pyykkietikka raikas, Unit Price: 5,85 €, Comparison Price: 11,70 €/l
Product: Tolu 1L Koivu yleispuhdistusaine, Unit Price: 3,59 €, Comparison Price: 3,59 €/l
Product: Barilla gluteeniton lasagne 250g, Unit Price: 3,55 €, Comparison Price: 14,20 €/kg
Product: Duni 25kpl 15cm Cocktail paperipillilajitelma x 20, Unit Price: 1,89 €, Comparison Price: 0,08 €/kpl
Product: Kotimaista ohut piparkakku 375 g, Unit Price: 1,37 €, Comparison Price: 3,65 €/kg
Product: Teho Sinkkiasetaatti 50 tabl. imeskelytabletti spearmint, Unit Price: 6,10 €, Comparison Price: 0,12 €/kpl
Product: Kiilto Koti biohajoava yleispuhdistusaine Lime 1 L, Unit Price: 3,15 €, Comparison Price: 3,15 €/l
Product: House pannunalunen Hexagon 15,8 x 13,6 cm, Unit Price: 3,00 €, Comparison Price: 
Product: Maku Leivonta-alusta silikoni 64x46 cm, Unit Price: 11,90 €, Comparison Price: 
Product: Coop jalapenoviipaleet suolaliemessä hot 225 g, Unit Price: 1,29 €, Comparison Price: 10,32 €/kg
Product: Xtra jalapenoviipaleet 295/160 g, Unit Price: 0,83 €, Comparison Price: 5,19 €/kg
Product: La Costeña 199g Jalapenoviipale, Unit Price: 1,55 €, Comparison Price: 11,92 €/kg
Product: Santa Maria Green Jalapeño 215 g, Unit Price: 2,45 €, Comparison Price: 22,27 €/kg
Product: La Costeña 220g Chipotle chilipippuri, Unit Price: 2,39 €, Comparison Price: 10,86 €/kg
Product: Santa Maria Refried Beans, keitettyjä pinto-papuja 215g, Unit Price: 2,25 €, Comparison Price: 10,47 €/kg
Product: Starter juomapullo 0,75l valkoinen, Unit Price: 4,95 €, Comparison Price: 
Product: Ramune Soft Drink Carbonated(Mansikka)200ml, Unit Price: 2,95 €, Comparison Price: 14,75 €/l
Product: Firewok buffet, Unit Price: 16,90 €, Comparison Price: 16,90 €/kg
Product: Ramune Soft Drink Carbonated(Original)200ml, Unit Price: 2,95 €, Comparison Price: 14,75 €/l
Product: Itsudemo sushi box, 4*Lohi nigiri, 4*Grillattu Lohi nigiri, 4* Juusto Lohi Uramaki, 4*Lohi Uramaki, 4* Wakame Uramaki, Unit Price: 16,30 €, Comparison Price: 22,90 €/kg
Product: Firewok buffet, Unit Price: 16,90 €, Comparison Price: 16,90 €/kg
Product: Itsudemo sushi box, 6* Lohi nigiri, 6* Grillattu Lohi nigiri, Unit Price: 11,11 €, Comparison Price: 22,90 €/kg
Product: Samyang Buldak Ramen Extreme Hot Chicken 2x Spicy 140g, Unit Price: 3,29 €, Comparison Price: 23,50 €/kg
Product: Itsudemo Sushi Box, 6*Grillattu Lohi nigiri, 8*Juusto Lohi Uramaki, Unit Price: 8,84 €, Comparison Price: 22,90 €/kg
Product: Itsudemo sushi box, 3*Avokado nigiri, 3*Tofu nigiri, 4*Kasvis Uramaki, 4* Wakame Uramaki, Unit Price: 9,39 €, Comparison Price: 22,90 €/kg
Product: Itsudemo sushi box, 6* Lohi nigiri, 6*Grillattu Lohi nigiri, 6*Avokado nigiri, 8*Lohi Uramaki, 8* SweetChili Uramaki, 8*Shichimi Lohi Uramaki, Unit Price: 32,11 €, Comparison Price: 22,90 €/kg
Product: Itsudemo sushi box, 6*Tahna Lohi nigiri, 8*Sweet Chili uramaki, Unit Price: 10,63 €, Comparison Price: 22,90 €/kg
Product: Itsudemo sushi box, 2*Lohi Futomaki, 5*Oshi sushi, 4*Merilevä Lohi uramaki, 4*Masago Uramaki, Unit Price: 12,78 €, Comparison Price: 22,90 €/kg
Product: Yamasa Sushi Soijakastike 200ml, Unit Price: 4,47 €, Comparison Price: 22,35 €/l
Product: Itsudemo Sushi Box, 6*Lohi Nigiri 6, 8*Lohi Uramaki, Unit Price: 10,44 €, Comparison Price: 22,90 €/kg
Product: Itsudemo sushi box, 4*Lohiviipaleita Mango Uramaki, 4*Lohiviipaleita Uramaki, 4* Shichimi Lohi Uramaki, 4*Surimi Uramaki, Unit Price: 11,63 €, Comparison Price: 22,90 €/kg
Product: Itsudemo sushi box, 3*Tahna tonnikala nigiri, 3* Ebi nigiri, 6*Torni Uramaki, Unit Price: 9,41 €, Comparison Price: 22,90 €/kg
Product: SamYang Hot Chicken Ramen Curry 140g, Unit Price: 3,29 €, Comparison Price: 23,50 €/kg
Product: Sushi Etikka 500ml, Unit Price: 4,47 €, Comparison Price: 8,94 €/l
Product: Want Want Senbei Riisikeksejä 112g, Unit Price: 4,95 €, Comparison Price: 44,20 €/kg
Product: Sushi Inkivääri (pullo) 110g, Unit Price: 3,89 €, Comparison Price: 35,36 €/kpl
Product: Rainbow leivinarkki 38cmx42cm 24kpl, Unit Price: 0,92 €, Comparison Price: 0,04 €/kpl
Product: Fredman leivinarkki valkaisematon 38x42cm 24kpl, Unit Price: 1,69 €, Comparison Price: 0,07 €/kpl
Product: Fredman iso leivinarkki valkaisematon 40cmx50cm 18kpl, Unit Price: 2,09 €, Comparison Price: 0,12 €/kpl
Product: SAGA Leivinarkki 24 kpl, Unit Price: 1,75 €, Comparison Price: 0,07 €/kpl
Product: Fredman leivinrulla 38 cm x 20 m valkaisematon, Unit Price: 2,75 €, Comparison Price: 0,14 €/m
Product: SAGA Leivinpaperi 38 cm x 22 m, Unit Price: 3,29 €, Comparison Price: 
Product: SAGA Leivinpaperi 10 m, Unit Price: 1,79 €, Comparison Price: 
Product: Rainbow leivinrulla 38cmx10m, Unit Price: 1,29 €, Comparison Price: 0,13 €/m
Product: SAGA Voipaperi 37 cm x  20 m, Unit Price: 2,69 €, Comparison Price: 0,13 €/m
Product: Xtra leivinpaperi 20 m x 38 cm, Unit Price: 1,85 €, Comparison Price: 0,09 €/m
Product: SAGA Eväspussi 60 kpl, Unit Price: 4,39 €, Comparison Price: 0,07 €/kpl
Product: SAGA Kuvioitu Leivinarkki 38 x 42cm 20 kpl, Unit Price: 1,89 €, Comparison Price: 0,09 €/kpl
Product: Fredman airfryer paperi 32 kpl, Unit Price: 6,95 €, Comparison Price: 0,22 €/kpl
Product: SAGA Pergamiini 39cm / 50 m, Unit Price: 4,95 €, Comparison Price: 0,10 €/m
Product: Spen air Fryer paperi 16x4,5cm 50kpl pyöreä, Unit Price: 3,95 €, Comparison Price: 0,08 €/kpl
Product: Spen air Fryer paperi 20x4,5cm 50kpl kulmikas, Unit Price: 4,95 €, Comparison Price: 0,10 €/kpl
Product: Risella Puuroriisi 1kg, Unit Price: 2,59 €, Comparison Price: 2,59 €/kg
Product: Rainbow 1kg puuroriisi, Unit Price: 1,99 €, Comparison Price: 1,99 €/kg
Product: Xtra puuroriisi 1 kg, Unit Price: 1,79 €, Comparison Price: 1,79 €/kg
Product: Myllyn Paras Puuroriisi 1kg, Unit Price: 2,79 €, Comparison Price: 2,79 €/kg
Product: Risella Tumma puuroriisi 1kg, Unit Price: 2,95 €, Comparison Price: 2,95 €/kg
Product: Myllyn Paras Puuroriisi 500g, Unit Price: 1,69 €, Comparison Price: 3,38 €/kg
Product: Itsudemo sushi box, 2*Lohi Futomaki, 5*Oshi sushi, 4*Merilevä Lohi uramaki, 4*Masago Uramaki, Unit Price: 12,78 €, Comparison Price: 22,90 €/kg
Product: Golden Star 430g Sipulijauhe, Unit Price: 7,29 €, Comparison Price: 16,95 €/kg
Product: Rainbow basmatiriisi 1 kg, Unit Price: 2,69 €, Comparison Price: 2,69 €/kg
Product: Rainbow 1kg Basmati & Jasmiiniriisi, Unit Price: 3,29 €, Comparison Price: 3,29 €/kg
Product: Xtra basmatiriisi 2 kg, Unit Price: 4,19 €, Comparison Price: 2,10 €/kg
Product: Risella Basmatiriisi 1kg, Unit Price: 4,39 €, Comparison Price: 4,39 €/kg
Product: Ben's Original Basmatiriisi 1kg, Unit Price: 5,69 €, Comparison Price: 5,69 €/kg
Product: Ben's Original Basmatiriisi keitinpusseissa 8x125g, Unit Price: 7,35 €, Comparison Price: 7,35 €/kg
Product: Risella Basmatiriisi keitinpussissa 4x125g, Unit Price: 2,69 €, Comparison Price: 5,38 €/kg
Product: Änglamark basmatiriisi luomu 1 kg, Unit Price: 3,69 €, Comparison Price: 3,69 €/kg
Product: URTEKRAM luomu Täysjyväbasmatiriisi 500g, Unit Price: 3,79 €, Comparison Price: 7,58 €/kg
Product: Gohar Royal Basmatiriisi 1kg, Unit Price: 3,79 €, Comparison Price: 3,79 €/kg
Product: GOHAR Steamed Basmatiriisi 1 kg, Unit Price: 3,79 €, Comparison Price: 3,79 €/kg
Product: Gohar 1121 Steamed Basmatiriisi 5 kg, Unit Price: 13,95 €, Comparison Price: 2,79 €/kg
Product: House pullon- ja purkinavaaja 21153419, Unit Price: 2,50 €, Comparison Price: 
Product: House viinipullonavaaja, Unit Price: 6,95 €, Comparison Price: 
Product: House liukumaton kannenavaaja 14x14 cm, Unit Price: 2,90 €, Comparison Price: 
Product: House tarjoilijanavaaja 21153444, Unit Price: 5,50 €, Comparison Price: 
Product: House pullonavaaja 21153445VT, Unit Price: 1,90 €, Comparison Price: 
Product: House purkinavaaja Max, Unit Price: 9,90 €, Comparison Price: 
Product: Fackelmann multiavaaja, Unit Price: 5,95 €, Comparison Price: 
Product: House pullonavaaja Kukkanen, Unit Price: 3,50 €, Comparison Price: 
Product: Valio pehmeä maitorahka 250 g, Unit Price: 0,89 €, Comparison Price: 3,56 €/kg
Product: Kotimaista 250g rasvaton laktoositon maitorahka, Unit Price: 0,65 €, Comparison Price: 2,60 €/kg
Product: Valio Hyvä suomalainen Arki® pehmeä rahka 200 g laktoositon, Unit Price: 0,69 €, Comparison Price: 3,45 €/kg
Product: Ehrmann Maitorahka 0,2 % g 250 g, Unit Price: 0,89 €, Comparison Price: 3,56 €/kg
Product: Xtra maustamaton rasvaton rahka 500 g, Unit Price: 1,39 €, Comparison Price: 2,78 €/kg
Product: Rainbow 250g jogurttirahka 0,9%, Unit Price: 0,45 €, Comparison Price: 1,80 €/kg
Product: Maitokolmio FIT vähälaktoosinen pehmeä rahka 200g, Unit Price: 0,79 €, Comparison Price: 3,95 €/kg
Product: Ingman Pehmeä Mieto maitorahka 500 g laktoositon, Unit Price: 1,85 €, Comparison Price: 3,70 €/kg
Product: Rahka-Jogurtti 0,9 % 250 g, Unit Price: 0,99 €, Comparison Price: 3,96 €/kg
Product: Arla Lempi Sipoolainen laktoositon 0,7% rahkajogurtti 300 g, Unit Price: 1,59 €, Comparison Price: 5,30 €/kg
Product: Valio maitorahka 500 g laktoositon, Unit Price: 3,59 €, Comparison Price: 7,18 €/kg
Product: Maitokolmio FIT laktoositon pehmeä jogurttirahka 200g, Unit Price: 0,65 €, Comparison Price: 3,25 €/kg
Product: Maitokolmio FIT vähälaktoosinen pehmeä kermainen rahka 200g, Unit Price: 0,99 €, Comparison Price: 4,95 €/kg
Product: Ingman Rahkajogurtti maustamaton 200 g laktoositon, Unit Price: 0,79 €, Comparison Price: 3,95 €/kg
Product: Meira Chilimausteseos ei lisättyä suolaa 24g, Unit Price: 0,99 €, Comparison Price: 41,25 €/kg
Product: Meira Kurkuma 60g, Unit Price: 1,29 €, Comparison Price: 21,50 €/kg
Product: Depend kulmaväri ruskeanmusta, Unit Price: 6,90 €, Comparison Price: 
Product: Depend vetyperoksidi 3% nr 4018, Unit Price: 1,95 €, Comparison Price: 
Product: Cameleo Kulmakarvaväri 3.0 Dark Brown, Unit Price: 6,90 €, Comparison Price: 
Product: Depend kulmaväri ruskea, Unit Price: 6,90 €, Comparison Price: 
Product: Depend kulmaväri musta, Unit Price: 6,90 €, Comparison Price: 
Product: Depend Ripsien ja Kulmakarvojen Pikavärjäys Musta 9016, Unit Price: 9,70 €, Comparison Price: 
Product: Depend Ripsien ja Kulmakarvojen Pikavärjäys Ruskeanmusta 9018, Unit Price: 9,70 €, Comparison Price: 
Product: Depend Ripsien ja Kulmakarvojen Pikavärjäys Ruskea 9017, Unit Price: 9,70 €, Comparison Price: 
Product: BeautyLash Kulmakarva- ja ripsiväri musta, Unit Price: 11,90 €, Comparison Price: 
Product: BeautyLash Power-Brow Kulmaväri tummanruskea, Unit Price: 12,90 €, Comparison Price: 
Product: BeautyLash Kulmakarva- ja ripsiväri tummanruskea, Unit Price: 11,90 €, Comparison Price: 
Product: Cameleo kulmakarvaväri musta, Unit Price: 6,90 €, Comparison Price: 
Product: Kiss Strip Lash Glue ripsiliima kirkas 7g, Unit Price: 6,90 €, Comparison Price: 
Product: W7 Irtoripset ja liima Cluster Lashes, Unit Price: 7,90 €, Comparison Price: 
Product: Kiss MLBB, All Mine irtoripset 1 pari, Unit Price: 9,70 €, Comparison Price: 
Product: Kiss Looks So Natural Trio ripsitupsut 30kpl, Unit Price: 8,90 €, Comparison Price: 
Product: W7 Irtoripset ja liima 3D Out out, Unit Price: 5,49 €, Comparison Price: 
Product: essence las glue ripsiliima 4,7 g, Unit Price: 3,09 €, Comparison Price: 618,00 €/kg
Product: W7 Irtoripset ja liima Wispy Hypnotise, Unit Price: 5,49 €, Comparison Price: 
Product: Kiss Looks So Natural Shy irtoripset 1pari, Unit Price: 9,70 €, Comparison Price: 
Product: W7 irtoripset faux silk electra, Unit Price: 5,49 €, Comparison Price: 5,49 €/pr
Product: Kiss Looks So Natural -ripsitupsut Combination 70kpl, Unit Price: 6,90 €, Comparison Price: 
Product: Naturel Ripsiliima latex 6ml, Unit Price: 3,95 €, Comparison Price: 
Product: Kiss Looks So Natural Iconic irtoripset 1pari, Unit Price: 9,70 €, Comparison Price: 
Product: Santa Maria Cayennepippuri Luomu, purkki 38g, Unit Price: 3,35 €, Comparison Price: 88,16 €/kg
Product: Lanttu Iso-Britannia, Unit Price: 0,87 €, Comparison Price: 2,89 €/kg
Product: Santa Maria Chipotle Chili Pepper Chipotle Chilimauste, purkki 33g, Unit Price: 2,59 €, Comparison Price: 78,48 €/kg
Product: Santa Maria Ancho-Chili, purkki 35g, Unit Price: 2,19 €, Comparison Price: 62,57 €/kg
Product: Santa Maria Chili Explosion tulinen mausteseos, maustemylly, 70 g, Unit Price: 5,19 €, Comparison Price: 74,14 €/kg
Product: Lanttu pesty | Iso-Britannia, Unit Price: 1,28 €, Comparison Price: 3,19 €/kg
Product: Santa Maria 11G Chilli Pepper PiriPiri, Unit Price: 1,45 €, Comparison Price: 131,82 €/kg
Product: Meira Kurkuma 35g, Unit Price: 1,30 €, Comparison Price: 37,14 €/kg
Product: Spen paistopussi alumiini 25x35cm 2 kpl, Unit Price: 2,29 €, Comparison Price: 1,15 €/kpl
Product: Spen paistopussi kalalle 6kpl 30x55cm, Unit Price: 1,99 €, Comparison Price: 0,33 €/kpl
Product: Look Eskimo isopussi 35x43cm 6kpl, Unit Price: 3,29 €, Comparison Price: 0,55 €/kpl
Product: HK Kiuaspussi, Unit Price: 0,69 €, Comparison Price: 
Product: Look Uunipussi 25cm x 38cm 10 kpl, Unit Price: 3,29 €, Comparison Price: 0,33 €/kpl
Product: Rainbow paistopussi x-large 45x55cm 2kpl, Unit Price: 1,25 €, Comparison Price: 0,63 €/kpl
Product: Look Jättikinkkupussi 55cmx60cm 2kpl, Unit Price: 2,45 €, Comparison Price: 1,23 €/kpl
Product: Piippo Paistinaru puuvilla 50m, Unit Price: 4,95 €, Comparison Price: 
Product: Smile paistopussi sulkimineen kalalle, 25cm x 55cm, 6kpl, Unit Price: 1,99 €, Comparison Price: 0,33 €/kpl
Product: Look Paahtispussi 16x16,5cm 2kpl, Unit Price: 4,95 €, Comparison Price: 2,48 €/kpl
Product: Look Paistopussi BBQ 24x35mm 2kpl, Unit Price: 2,25 €, Comparison Price: 1,13 €/kpl
Product: Look Paistopussi kinkulle 45cmx55cm 2kpl, Unit Price: 2,45 €, Comparison Price: 1,23 €/kpl
Product: Fredman Eskimo Eko paistopussi S 36x27cm 6kpl, Unit Price: 3,79 €, Comparison Price: 0,63 €/kpl
Product: Smile paistopussi sulkimineen, 25 x 38cm, 0-3kg, 8kpl, Unit Price: 1,99 €, Comparison Price: 0,25 €/kpl
Product: Coop paistopussit M 25x38 cm 10 kpl, Unit Price: 1,85 €, Comparison Price: 0,19 €/kpl
Product: Coop paistopussit L 35x43 cm 5 kpl, Unit Price: 1,55 €, Comparison Price: 0,31 €/kpl
Product: Meira Cayennepippuri 32g, Unit Price: 0,72 €, Comparison Price: 22,50 €/kg
Product: Katukoripallo Court Kings koko 7, Unit Price: 11,95 €, Comparison Price: 
Product: Forsman tea Vihreä Sitruuna vihreä maustettu tee 100 g, Unit Price: 2,85 €, Comparison Price: 28,50 €/kg
Product: Spen air Fryer paperi 20x4,5cm 50kpl kulmikas, Unit Price: 4,95 €, Comparison Price: 0,10 €/kpl
Product: Sushi Inkivääri (pullo) 110g, Unit Price: 3,89 €, Comparison Price: 35,36 €/kpl
Product: Kantolan Cream Cracker voileipäkeksi 200g, Unit Price: 1,69 €, Comparison Price: 8,45 €/kg
Product: Elovena 10x30g tumma suklaa täysjyvä välipalakeksi 100% kauraa, Unit Price: 3,19 €, Comparison Price: 10,63 €/kg
Product: Corny Chocolate välipalapatukka 6x25g, Unit Price: 2,35 €, Comparison Price: 15,67 €/kg
Product: Kotimaista Välipalakeksi tumma suklaa 10 x 30g, Unit Price: 2,89 €, Comparison Price: 9,63 €/kg
Product: Elovena 10x30g banaani-suklaa täysjyvä välipalakeksi 100% kauraa, Unit Price: 3,45 €, Comparison Price: 11,50 €/kg
Product: Elovena 6x30g karpalo-vadelma-mustikka pehmeä kaurapatukka, Unit Price: 2,99 €, Comparison Price: 16,61 €/kg
Product: Elovena 10x30g karpalo-kinuski täysjyvä välipalakeksi 100% kauraa, Unit Price: 3,19 €, Comparison Price: 10,63 €/kg
Product: Corny Salted Caramel välipalapatukka 6x23g, Unit Price: 2,35 €, Comparison Price: 17,03 €/kg
Product: Rainbow välipalakeksi jogurttitäytteellä 200 g, Unit Price: 1,25 €, Comparison Price: 6,25 €/kg
Product: Elovena 6x30g tumma suklaa pehmeä kaurapatukka, Unit Price: 2,99 €, Comparison Price: 16,61 €/kg
Product: Corny Chocolate-Banana välipalapatukka 6x25g, Unit Price: 2,35 €, Comparison Price: 15,67 €/kg
Product: Elovena 10x30g mustikka-valkosuklaa täysjyvä välipalakeksi 100% kauraa, Unit Price: 3,19 €, Comparison Price: 10,63 €/kg
Product: Corny Peanut Sweet & Salty välipalapatukka 6x25g, Unit Price: 2,35 €, Comparison Price: 15,67 €/kg
Product: Xtra voileipäkeksi 400 g, Unit Price: 0,89 €, Comparison Price: 2,23 €/kg
Product: Elovena 10x30g kaura-hedelmä täysjyvä välipalakeksi 100% kauraa, Unit Price: 3,45 €, Comparison Price: 11,50 €/kg
Product: Carr´s 125 g Table Water Bite Size juustokeksi, Unit Price: 1,85 €, Comparison Price: 14,80 €/kg
Product: Elovena 10x30g appelsiini-suklaa täysjyvä välipalakeksi 100% kauraa, Unit Price: 3,45 €, Comparison Price: 11,50 €/kg
Product: Elovena 10x30g mansikka-raparperi täysjyvä välipalakeksi 100% kauraa, Unit Price: 3,45 €, Comparison Price: 11,50 €/kg
Product: Elovena 10x30g uuniomena-toffee välipalakeksi 100% kauraa, Unit Price: 3,45 €, Comparison Price: 11,50 €/kg
Product: Xtra 126g myslipatukka suklaa 6 kpl, Unit Price: 0,95 €, Comparison Price: 7,54 €/kg
Product: Elovena 6x30g korvapuustinmakuinen pehmeä kaurapatukka, Unit Price: 2,99 €, Comparison Price: 16,61 €/kg
Product: Rainbow jogurtti-mansikkamyslipatukka 180 g, Unit Price: 2,09 €, Comparison Price: 11,61 €/kg
Product: Elovena 6x30g valkosuklaa-mansikka pehmeä kaurapatukka, Unit Price: 2,99 €, Comparison Price: 16,61 €/kg
Product: Kantolan Ruis Cracker voileipäkeksi 225g, Unit Price: 1,69 €, Comparison Price: 7,51 €/kg
Product: Plastex kylmävaraaja 300g, Unit Price: 1,60 €, Comparison Price: 
Product: House kylmävaraaja  200 ml 2 kpl, Unit Price: 2,50 €, Comparison Price: 1,25 €/kpl
Product: Plastex kylmävaraaja maxi 600g, Unit Price: 2,20 €, Comparison Price: 
Product: House kylmävaraaja 75 ml 2 kpl, Unit Price: 1,95 €, Comparison Price: 0,98 €/kpl
Product: Plastex kylmävaraaja iso 900 g sininen, Unit Price: 5,50 €, Comparison Price: 
Product: House kylmävaraaja 400 ml, Unit Price: 1,95 €, Comparison Price: 
Product: House kylmävaraaja 800 ml, Unit Price: 3,95 €, Comparison Price: 
Product: House kylmävaraaja muoto 600 ml, Unit Price: 3,95 €, Comparison Price: 
Product: Fredman Bio keittiöliina ruoanlaittoon 30x50cm 20kpl, Unit Price: 4,69 €, Comparison Price: 0,23 €/kpl
Product: Fredman airfryer paperi 32 kpl, Unit Price: 6,95 €, Comparison Price: 0,22 €/kpl
Product: Itsudemo sushi box, 6*Tahna Lohi nigiri, 8*Sweet Chili uramaki, Unit Price: 10,63 €, Comparison Price: 22,90 €/kg
Product: SAGA Voipaperi 37 cm x  20 m, Unit Price: 1,00 €, Comparison Price: 0,05 €/m
Product: Hätälä Paistettu Silakkapihvi 200g, Unit Price: 3,49 €, Comparison Price: 17,45 €/kg
Product: Kotimaista friteerattu muikku 100 g, Unit Price: 3,69 €, Comparison Price: 36,90 €/kg
Product: Spen air Fryer paperi 16x4,5cm 50kpl pyöreä, Unit Price: 3,95 €, Comparison Price: 0,08 €/kpl
Product: SamYang Hot Chicken Ramen Curry 140g, Unit Price: 2,60 €, Comparison Price: 18,57 €/kg
Product: Rainbow pähkinä- ja hedelmäsekoitus 200 g, Unit Price: 2,29 €, Comparison Price: 11,45 €/kg
Product: Den Lille Nøttefabrikken Nøtti Frutti Pähkinä-hedelmäsekoitus 330g, Unit Price: 5,85 €, Comparison Price: 17,73 €/kg
Product: Xtra pähkinä- ja rusinasekoitus 300 g, Unit Price: 2,79 €, Comparison Price: 9,30 €/kg
Product: Den Lille Nøttefabrikken Nøtti Frutti Pähkinä-hedelmäsekoitus190g, Unit Price: 3,65 €, Comparison Price: 19,21 €/kg
Product: Den Lille Nøttefabrikken NøttiFrutti Pähkinä-hedelmäsekoitus 60g, Unit Price: 1,85 €, Comparison Price: 30,83 €/kg
Product: Rainbow pähkinä- ja karpalosekoitus 200 g, Unit Price: 3,49 €, Comparison Price: 17,45 €/kg
Product: Taffel Kartanon välipala pähkinä- ja marjasekoitus 60g, Unit Price: 1,89 €, Comparison Price: 31,50 €/kg
Product: Taffel Trail Mix pähkinä- ja rusinasekoitus 300g, Unit Price: 4,49 €, Comparison Price: 14,97 €/kg
Product: Taffel Kartanon välipala pähkinä- ja hedelmäsekoitus 60g, Unit Price: 1,89 €, Comparison Price: 31,50 €/kg
Product: Den Lille Nøttefabrikken Nøtti Frutti Salt & Søtt pähkinä-hedelmäsekoitus RA 170g, Unit Price: 4,39 €, Comparison Price: 25,82 €/kg
Product: Salliselta  Pähkinämix 400g, Unit Price: 5,95 €, Comparison Price: 14,88 €/kg
Product: Meira Maapähkinä-rusinasekoitus 300g, Unit Price: 1,85 €, Comparison Price: 6,17 €/kg
Product: Den Lille Nottefabrikken Frutti Sommer​ pähkinä-hedelmäsekoitus RA 160g, Unit Price: 3,98 €, Comparison Price: 24,88 €/kg
Product: Nutisal Sporty Mix pähkinäsekoitus 60g, Unit Price: 2,15 €, Comparison Price: 35,83 €/kg
Product: Earth Control Salaattisekoitus hedelmillä 200g, Unit Price: 2,98 €, Comparison Price: 14,90 €/kg
Product: Arimex Luxuspähkinöitä ja rusinoita 500g, Unit Price: 10,50 €, Comparison Price: 21,00 €/kg
Product: Rainbow maapähkinä-rusinasekoitus 350 g, Unit Price: 1,85 €, Comparison Price: 5,29 €/kg
Product: Seeberger Cashew & Karpalo mix 150g, Unit Price: 3,98 €, Comparison Price: 26,53 €/kg
Product: Xtra pähkinä- ja hedelmäsekoitus 600 g, Unit Price: 5,49 €, Comparison Price: 9,15 €/kg
Product: Rainbow 100g Energy Mix kuivattuja hedelmiä ja pähkinöitä, Unit Price: 2,39 €, Comparison Price: 23,90 €/kg
Product: Seeberger 150g pähkinä-marjasekoitus, Unit Price: 3,49 €, Comparison Price: 23,27 €/kg
Product: Meira Manteli-rusinasekoitus 120g, Unit Price: 1,89 €, Comparison Price: 15,75 €/kg
Product: Seeberger Cashew & Mango mix 150g, Unit Price: 3,98 €, Comparison Price: 26,53 €/kpl
Product: Seeberger Suklaa&Karpalo-pähkinämix 150g, Unit Price: 3,98 €, Comparison Price: 25,35 €/kg
Product: Smile paistopussi sulkimineen kalalle, 25cm x 55cm, 6kpl, Unit Price: 1,99 €, Comparison Price: 0,33 €/kpl
Product: Pasini Arborio Risottoriisi 1kg, Unit Price: 2,99 €, Comparison Price: 2,99 €/kg
Product: Risella Risottoriisi 1kg, Unit Price: 3,55 €, Comparison Price: 3,55 €/kg
Product: Pasini Sushiriisi 500g, Unit Price: 1,65 €, Comparison Price: 3,30 €/kg
Product: Riso Scotti 1kg Arborio risottoriisi, Unit Price: 4,25 €, Comparison Price: 4,25 €/kg
Product: Pasini Arborio Risottoriisi 500g, Unit Price: 2,25 €, Comparison Price: 4,50 €/kg
Product: Riso Pasini Risotto riisi 1 kg, Unit Price: 3,19 €, Comparison Price: 3,19 €/kg
Product: Risella Sushiriisi 500g, Unit Price: 2,35 €, Comparison Price: 4,70 €/kg
Product: Riso Scotti Hakumaki 500g Sushi riisi, Unit Price: 2,55 €, Comparison Price: 5,10 €/kg
Product: Look Paistopussi kinkulle 45cmx55cm 2kpl, Unit Price: 2,45 €, Comparison Price: 1,23 €/kpl
Product: Look Eskimo isopussi 35x43cm 6kpl, Unit Price: 2,45 €, Comparison Price: 0,41 €/kpl
Product: House kylmävaraaja  200 ml 2 kpl, Unit Price: 2,50 €, Comparison Price: 1,25 €/kpl
Product: House kylmävaraaja 75 ml 2 kpl, Unit Price: 1,95 €, Comparison Price: 0,98 €/kpl
Product: Plastex kylmävaraaja maxi 600g, Unit Price: 2,20 €, Comparison Price: 
Product: House kylmävaraaja 400 ml, Unit Price: 1,95 €, Comparison Price: 
Product: Look Uunipussi 25cm x 38cm 10 kpl, Unit Price: 1,65 €, Comparison Price: 0,16 €/kpl
Product: Plastex kylmävaraaja iso 900 g sininen, Unit Price: 5,50 €, Comparison Price: 
Product: Bormioli Giara patenttikorkkipullo 1l, Unit Price: 4,50 €, Comparison Price: 
Product: Plastex vesiastia 728 hanalla 10l, Unit Price: 14,95 €, Comparison Price: 
Product: Plastex vesiastia 5l  hd lv, Unit Price: 6,95 €, Comparison Price: 
Product: Plastex kanisteri 10l, Unit Price: 7,95 €, Comparison Price: 
Product: Bormioli Rocco lasipullo Aqua 1 l, Unit Price: 5,95 €, Comparison Price: 
Product: Vesiastia 12L kääntöhanakorkki, Unit Price: 18,95 €, Comparison Price: 
Product: Plastex vesiastia hanalla 20l, Unit Price: 19,95 €, Comparison Price: 
Product: Bormioli Fido tölkki 1l ilmatiivis, Unit Price: 5,20 €, Comparison Price: 
Product: Bormioli Fido lasitölkki 0,75l, Unit Price: 4,95 €, Comparison Price: 
Product: Bormioli Quattro Stagioni säilöntätölkki leveä suuaukko 32cl, Unit Price: 3,95 €, Comparison Price: 
Product: Bormioli Fido tölkki 0,5l ilmatiivis, Unit Price: 4,50 €, Comparison Price: 
Product: Bormioli Quattro säilöntätölkki 0,5l, Unit Price: 4,20 €, Comparison Price: 
Product: Bormioli Quattro Stagioni sinappi-/ maustepurkki 0,15l, Unit Price: 2,95 €, Comparison Price: 
Product: Bormioli Fido ilmatiivis tölkki 20cl, Unit Price: 4,20 €, Comparison Price: 
Product: Bormioli Quattro Stagioni säilöntätölkki leveä suuaukko 20cl, Unit Price: 3,50 €, Comparison Price: 
Product: Bormioli Quattro säilöntätölkki 25cl, Unit Price: 2,95 €, Comparison Price: 
Product: Bormioli Fido tölkki ilmatiivis 0,125l, Unit Price: 3,95 €, Comparison Price: 
Product: Rainbow 230g Salt & Chef merisuola, Unit Price: 2,85 €, Comparison Price: 12,39 €/kg
Product: Santa Maria Rock Salt vuorisuola suolamylly 140 g, Unit Price: 4,65 €, Comparison Price: 33,21 €/kg
Product: Rainbow 220g himalajan vuorisuolamylly, Unit Price: 2,95 €, Comparison Price: 13,41 €/kg
Product: Meira Suolamylly 100g, Unit Price: 3,95 €, Comparison Price: 39,50 €/kg
Product: Maldon merisuolahiutalemylly 55g, Unit Price: 5,95 €, Comparison Price: 108,18 €/kg
Product: Cole & Mason  575 suolamylly akryylia 10,5 cm, Unit Price: 16,90 €, Comparison Price: 
Product: Bormioli Quattro säilöntätölkki 0,5l, Unit Price: 4,20 €, Comparison Price: 
Product: Bormioli Quattro Stagioni säilöntätölkki leveä suuaukko 20cl, Unit Price: 3,50 €, Comparison Price: 
Product: Bormioli Fido tölkki 1l ilmatiivis, Unit Price: 5,20 €, Comparison Price: 
Product: Plastex vesiastia hanalla 20l, Unit Price: 18,50 €, Comparison Price: 
Product: Bormioli Quattro Stagioni säilöntätölkki leveä suuaukko 32cl, Unit Price: 3,95 €, Comparison Price: 
Product: Bormioli Fido tölkki 0,5l ilmatiivis, Unit Price: 4,50 €, Comparison Price: 
Product: Plastex kanisteri 10l, Unit Price: 7,95 €, Comparison Price: 
Product: Bormioli Rocco lasipullo Aqua 1 l, Unit Price: 5,95 €, Comparison Price: 
Product: Kotimaista kakkupohja 320 g, Unit Price: 2,07 €, Comparison Price: 6,47 €/kg
Product: Rainbow torttupohja 200 g, Unit Price: 1,59 €, Comparison Price: 7,95 €/kg
Product: Marenkikakkupohja 180g 2kpl., Unit Price: 4,09 €, Comparison Price: 22,72 €/kg
Product: Boström Kakkupohja 220 g, Unit Price: 2,29 €, Comparison Price: 10,41 €/kg
Product: Bormioli Fido ilmatiivis tölkki 20cl, Unit Price: 4,20 €, Comparison Price: 
Product: Bormioli Quattro säilöntätölkki 25cl, Unit Price: 2,95 €, Comparison Price: 
Product: Valkosipuli, Unit Price: 0,38 €, Comparison Price: 6,99 €/kg
Product: Rainbow valkosipuli 100g, Unit Price: 0,75 €, Comparison Price: 7,50 €/kg
Product: Rainbow valkosipuli yksikyntinen 100g, Unit Price: 1,59 €, Comparison Price: 15,90 €/kg
Product: Valkosipuli 250g Argentiina, Unit Price: 2,29 €, Comparison Price: 9,16 €/kg
Product: Valkosipuli 100g luomu, Unit Price: 1,09 €, Comparison Price: 10,90 €/kg
Product: Kotimaista valkosipuli 100g, Unit Price: 2,39 €, Comparison Price: 23,90 €/kg
Product: Valkosipuli 200g, Unit Price: 4,19 €, Comparison Price: 20,95 €/kg
Product: Daloplast Leikkuulauta Bio 35x25 cm, Unit Price: 7,50 €, Comparison Price: 
Product: House leikkuulauta 29 cm taipuisa, Unit Price: 2,80 €, Comparison Price: 
Product: Daloplast leikkuulauta 5+7 mm 2-pack, Unit Price: 6,95 €, Comparison Price: 
Product: Leikkuulauta HD023 36x24 cm, Unit Price: 4,90 €, Comparison Price: 
Product: House leikkuulauta 35x25cm, Unit Price: 5,90 €, Comparison Price: 
Product: NDK Swiss leikkuulauta 35 x 23 cm, Unit Price: 14,90 €, Comparison Price: 
Product: Daloplas leikkuulauta 2 kpl 4+5 mm, Unit Price: 5,50 €, Comparison Price: 
Product: Daloplast Leikkuulauta Bio 25x15 cm, Unit Price: 5,50 €, Comparison Price: 
Product: Leikkuulauta HD020 27x16,5 cm, Unit Price: 3,50 €, Comparison Price: 
Product: House leikkuulauta taipuisa 37x29cm, Unit Price: 3,50 €, Comparison Price: 
Product: NDK Swiss leikkuulauta 40 x 26 cm, Unit Price: 17,90 €, Comparison Price: 
Product: Daloplast leikkuulauta 250x150x5 mm biomateriaali, Unit Price: 5,50 €, Comparison Price: 
Product: Daloplast leikkuulauta 350x250x4 mm biomateriaali, Unit Price: 7,50 €, Comparison Price: 
Product: House leikkuulauta Graniitti 3 kpl, Unit Price: 4,50 €, Comparison Price: 1,50 €/kpl
Product: House leikkuulauta non-slip 35x25x1cm, Unit Price: 11,90 €, Comparison Price: 
Product: Pinetta 0,5 l parafiiniöljy, Unit Price: 13,90 €, Comparison Price: 
Product: GastroMax leikkuulauta 30x20,5cm, Unit Price: 7,50 €, Comparison Price: 
Product: Pinetta 36x26 cm  Leikkuulauta käsikololla tervaleppää, Unit Price: 25,50 €, Comparison Price: 
Product: GastroMax leikkuulauta 35x25cm, Unit Price: 9,90 €, Comparison Price: 
Product: Pinetta leikkuulauta  40x30x2,3 cm öljyttyä tervaleppää, Unit Price: 35,50 €, Comparison Price: 
Product: Meira Suolamylly 100g, Unit Price: 3,95 €, Comparison Price: 39,50 €/kg
Product: Meira Ruokasuola jodioitu 1kg, Unit Price: 1,29 €, Comparison Price: 1,29 €/kg
Product: JOZO jodioitu suola 600g sirotin, Unit Price: 1,75 €, Comparison Price: 2,92 €/kg
Product: JOZO 125g suola jodioitu sirotin, Unit Price: 0,95 €, Comparison Price: 7,60 €/kg
Product: JOZO 1kg Hieno suola jodioitu, Unit Price: 1,35 €, Comparison Price: 1,35 €/kg
Product: JOZO 600g Hieno suola ilman jodia sirotin, Unit Price: 1,35 €, Comparison Price: 2,25 €/kg
Product: Pansuola mineraalisuola 250g, Unit Price: 2,35 €, Comparison Price: 9,40 €/kg
Product: Pansuola mineraalisuola 450g, Unit Price: 3,09 €, Comparison Price: 6,87 €/kg
Product: Seltin mineraalisuola 450g, Unit Price: 2,39 €, Comparison Price: 5,31 €/kg
Product: Jozo 450g Mineraalisuola 70% natriumia vähennetty sirotin, Unit Price: 3,35 €, Comparison Price: 7,44 €/kg
Product: Meira Mineraalisuola hieno jodioitu 80g, Unit Price: 2,29 €, Comparison Price: 28,63 €/kg
Product: Meira Mineraalisuola hieno jodioitu 450g, Unit Price: 3,25 €, Comparison Price: 7,22 €/kg
Product: Pansuola Yrttimineraalisuola 80g, Unit Price: 3,45 €, Comparison Price: 43,13 €/kg
Product: Pansuola mineraalisuola 1,1kg, Unit Price: 6,25 €, Comparison Price: 5,68 €/kg
Product: Xtra herkkusieniä viipaleina 400/230g, Unit Price: 0,93 €, Comparison Price: 4,04 €/kg
Product: Rainbow herkkusienet viipaleina suolaliemessä 185g/115g, Unit Price: 1,05 €, Comparison Price: 9,13 €/kg
Product: Rainbow herkkusienet viipaleina suolaliemessä 390g/230g, Unit Price: 1,75 €, Comparison Price: 7,61 €/kg
Product: Xtra viipaloidut herkkusienet suolaliemessä 185/115 g, Unit Price: 0,49 €, Comparison Price: 4,30 €/kg
Product: Rainbow kokonaiset herkkusienet suolaliemessä 180/105 g, Unit Price: 1,39 €, Comparison Price: 6,95 €/kg
Product: Rainbow herkkusieniä suolaliemessä 380/205g, Unit Price: 2,04 €, Comparison Price: 9,95 €/kg
Product: Änglamark herkkusieni siivuina luomu 280 g, Unit Price: 2,35 €, Comparison Price: 8,39 €/kg
Product: Pucci1932 tryffelinmakuiset herkkusienet 200/140 g, Unit Price: 2,99 €, Comparison Price: 14,95 €/kg
Product: Sauvon 315/160 g miedossa suolaliemessä sienikuutioita, Unit Price: 2,89 €, Comparison Price: 18,06 €/kg
Product: PUCCI 1932 Grillattuja Chili Herkkusieniä 200g, Unit Price: 3,25 €, Comparison Price: 16,25 €/kg
Product: Sauvon 200/120 g miedossa suolaliemessä keltavahveroita, Unit Price: 4,65 €, Comparison Price: 38,75 €/kg
Product: Meira Neilikka kokonainen 15g, Unit Price: 1,39 €, Comparison Price: 92,67 €/kg
Product: Jozo 450g Mineraalisuola 70% natriumia vähennetty sirotin, Unit Price: 3,35 €, Comparison Price: 7,44 €/kg
Product: Knorr Aromat sirotin Maustesuola 90 g, Unit Price: 1,45 €, Comparison Price: 16,11 €/kg
Product: Knorr Aromat Täyttöpussi Maustesuola 90 g, Unit Price: 1,45 €, Comparison Price: 16,11 €/kg
Product: Maldon merisuolahiutale 250g, Unit Price: 5,49 €, Comparison Price: 21,96 €/kg
Product: Herbamare® Original 250g luomu yrttisuola, Unit Price: 4,89 €, Comparison Price: 19,56 €/kg
Product: Organic Health himalajan ruususuola hieno 500g, Unit Price: 2,89 €, Comparison Price: 5,78 €/kg
Product: Herbamare® Original 125g luomu yrttisuola, Unit Price: 3,35 €, Comparison Price: 26,80 €/kg
Product: Organic Health himalajan ruususuola karkea 500g, Unit Price: 2,79 €, Comparison Price: 5,58 €/kg
Product: Organic Health himalajan ruususuola hieno, jodioitu 500g, Unit Price: 2,95 €, Comparison Price: 5,90 €/kg
Product: Jozo 500g Himalajan suola, Unit Price: 3,65 €, Comparison Price: 7,30 €/kg
Product: Meira Aromisuola 120g, Unit Price: 1,49 €, Comparison Price: 12,42 €/kg
Product: Nordur Salt 250g  Artic Sea Salt Flakes, Unit Price: 4,65 €, Comparison Price: 18,60 €/kg
Product: Organic Health Himalajan Ruususuolasirotin 200g, Unit Price: 3,19 €, Comparison Price: 15,95 €/kg
Product: Jozo 250g Gourmet sormisuola, Unit Price: 7,75 €, Comparison Price: 31,00 €/kg
Product: Belamandil Fleur de sel 125g suolankukkasuola, Unit Price: 3,75 €, Comparison Price: 30,00 €/kg
Product: Foodin Himalajan kristallisuola, karkea 350g, Unit Price: 1,89 €, Comparison Price: 5,40 €/kg
Product: Organic Health Himalajan Ruususuolasirotin, jodioitu 200g, Unit Price: 3,19 €, Comparison Price: 15,95 €/kg
Product: Foodin Himalajan kristallisuola hieno 350g, Unit Price: 1,89 €, Comparison Price: 5,40 €/kg
Product: Meira Aromisuola 71g, Unit Price: 1,55 €, Comparison Price: 21,83 €/kg
Product: Golden Star 690g Aromisuola, Unit Price: 4,99 €, Comparison Price: 7,23 €/kg
Product: Santa Maria 125G Aromisuola, Unit Price: 2,45 €, Comparison Price: 19,60 €/kg
Product: Le Paludier 1kg Sel de Guérande ranskalainen karkea harmaasuola, Unit Price: 4,45 €, Comparison Price: 4,45 €/kg
Product: Maldon savustettu merisuolahiutale 125g, Unit Price: 4,49 €, Comparison Price: 35,92 €/kg
Product: Xtra aromisuola 130 g, Unit Price: 1,09 €, Comparison Price: 8,38 €/kg
Product: Herbamare® Spicy 125g luomu yrttisuola, Unit Price: 3,75 €, Comparison Price: 30,00 €/kg
Product: Spen grillitikkuja 30cm 100kpl, Unit Price: 0,99 €, Comparison Price: 0,01 €/kpl
Product: Huhtamaki 50x150*155mm Grill News hampurilaistasku, Unit Price: 2,95 €, Comparison Price: 0,06 €/kpl
Product: Spen grillitikkuja 40cm 50kpl, Unit Price: 0,99 €, Comparison Price: 0,02 €/kpl
Product: Huhtamaki 50x150*155mm hampurilaistasku BBQ, Unit Price: 2,79 €, Comparison Price: 0,06 €/kpl
Product: Fredman Bio keittiöliina ruoanlaittoon 30x50cm 20kpl, Unit Price: 4,69 €, Comparison Price: 0,23 €/kpl
Product: Saana Suojapäähine 6 kpl, Unit Price: 1,39 €, Comparison Price: 
Product: Foodin Himalajan kristallisuola hieno 350g, Unit Price: 1,89 €, Comparison Price: 5,40 €/kg
Product: Jozo 500g Himalajan suola, Unit Price: 3,65 €, Comparison Price: 7,30 €/kg
Product: Organic Health himalajan ruususuola hieno 500g, Unit Price: 0,99 €, Comparison Price: 1,98 €/kg
Product: Foodin Himalajan kristallisuola, karkea 350g, Unit Price: 1,89 €, Comparison Price: 5,40 €/kg
